
<marc:record><marc:leader>01014cim a2200229I  4500</marc:leader>
<marc:controlfield tag="008">720731s1960    nyunnn         d    eng d</marc:controlfield>
<marc:controlfield tag="001">369776</marc:controlfield><marc:controlfield tag="005">19850325000000.0</marc:controlfield><marc:datafield tag="028" ind1="0" ind2="0"><marc:subfield code="a">SRS 231</marc:subfield><marc:subfield code="b">Shakespeare Recording Society</marc:subfield></marc:datafield><marc:datafield tag="040" ind1=" " ind2=" "><marc:subfield code="a">WSU</marc:subfield><marc:subfield code="c">WSU</marc:subfield><marc:subfield code="d">OCL</marc:subfield><marc:subfield code="d">NOC</marc:subfield></marc:datafield><marc:datafield tag="100" ind1="1" ind2=" "><marc:subfield code="a">Shakespeare, William,</marc:subfield><marc:subfield code="d">1564-1616.</marc:subfield></marc:datafield><marc:datafield tag="245" ind1="1" ind2="0"><marc:subfield code="a">Macbeth.</marc:subfield><marc:subfield code="h">[sound recording]</marc:subfield></marc:datafield><marc:datafield tag="260" ind1=" " ind2=" "><marc:subfield code="b">Shakespeare Recording Society</marc:subfield><marc:subfield code="c">[1960]</marc:subfield></marc:datafield><marc:datafield tag="300" ind1=" " ind2=" "><marc:subfield code="a">6 s.</marc:subfield><marc:subfield code="b">33 1/3 rpm.; microgroove.; stereophonic.</marc:subfield><marc:subfield code="c">12 in.</marc:subfield></marc:datafield><marc:datafield tag="500" ind1=" " ind2=" "><marc:subfield code="a">Automatic sequence.</marc:subfield></marc:datafield><marc:datafield tag="500" ind1=" " ind2=" "><marc:subfield code="a">Analytical notes by G. B. Harrison on container; text of the play (83 p.) laid in.</marc:subfield></marc:datafield><marc:datafield tag="511" ind1=" " ind2=" "><marc:subfield code="a">Starring Anthony Quayle, in the title role, with supporting cast.</marc:subfield></marc:datafield><marc:datafield tag="700" ind1="1" ind2=" "><marc:subfield code="a">Quayle, Anthony,</marc:subfield><marc:subfield code="d">1913-1989.</marc:subfield><marc:subfield code="4">prf</marc:subfield></marc:datafield><marc:datafield tag="907" ind1=" " ind2=" "><marc:subfield code="a">b1099133</marc:subfield></marc:datafield><marc:datafield tag="919" ind1=" " ind2=" "><marc:subfield code="t">Macbeth Is</marc:subfield></marc:datafield><marc:datafield tag="999" ind1="9" ind2="1"><marc:subfield code="i">i1178341</marc:subfield><marc:subfield code="l">truls</marc:subfield><marc:subfield code="s">o</marc:subfield><marc:subfield code="t">50</marc:subfield><marc:subfield code="c">1</marc:subfield><marc:subfield code="o">5</marc:subfield><marc:subfield code="b">00006472890</marc:subfield><marc:subfield code="p">099#9</marc:subfield><marc:subfield code="q">|a65-LP15B</marc:subfield><marc:subfield code="n">Ask at Media Resources Desk for assistance. Phone: (919)-962-2559. Email address: mrc@unc.edu</marc:subfield></marc:datafield><marc:datafield tag="999" ind1="0" ind2="0"><marc:subfield code="a">2004-10-01 00:00:00-04</marc:subfield><marc:subfield code="c">2004-09-27 13:14:07-04</marc:subfield><marc:subfield code="u">2016-09-23 13:51:36-04</marc:subfield></marc:datafield></marc:record>