
<marc:record><marc:leader>00958cam a2200241I  4500</marc:leader>
<marc:controlfield tag="008">910307s1935    nyua          000 0 eng d</marc:controlfield>
<marc:controlfield tag="001">396065</marc:controlfield><marc:controlfield tag="005">19910321103711.8</marc:controlfield><marc:datafield tag="019" ind1=" " ind2=" "><marc:subfield code="a">4276309</marc:subfield></marc:datafield><marc:datafield tag="040" ind1=" " ind2=" "><marc:subfield code="c">YNG</marc:subfield><marc:subfield code="d">m.c.</marc:subfield><marc:subfield code="d">OCL</marc:subfield><marc:subfield code="d">IQW</marc:subfield><marc:subfield code="d">NOC</marc:subfield></marc:datafield><marc:datafield tag="100" ind1="1" ind2=" "><marc:subfield code="a">Shakespeare, William,</marc:subfield><marc:subfield code="d">1564-1616.</marc:subfield></marc:datafield><marc:datafield tag="245" ind1="1" ind2="0"><marc:subfield code="a">Macbeth</marc:subfield><marc:subfield code="c">[by] William Shakespeare; The Emperor Jones [by] Eugene O'Neill; edited by Benjamin A. Heydrick and Alfred A. May.</marc:subfield></marc:datafield><marc:datafield tag="260" ind1=" " ind2=" "><marc:subfield code="a">New York,</marc:subfield><marc:subfield code="b">Noble and Noble</marc:subfield><marc:subfield code="c">[c1935]</marc:subfield></marc:datafield><marc:datafield tag="300" ind1=" " ind2=" "><marc:subfield code="a">viii, 278 p. :</marc:subfield><marc:subfield code="b">ill. ;</marc:subfield><marc:subfield code="c">20 cm.</marc:subfield></marc:datafield><marc:datafield tag="700" ind1="1" ind2="2"><marc:subfield code="a">O'Neill, Eugene,</marc:subfield><marc:subfield code="d">1888-1953.</marc:subfield><marc:subfield code="t">Emperor Jones.</marc:subfield></marc:datafield><marc:datafield tag="700" ind1="1" ind2=" "><marc:subfield code="a">Heydrick, Benjamin A.</marc:subfield><marc:subfield code="q">(Benjamin Alexander),</marc:subfield><marc:subfield code="d">1871-</marc:subfield></marc:datafield><marc:datafield tag="700" ind1="1" ind2=" "><marc:subfield code="a">May, Alfred Arundel,</marc:subfield><marc:subfield code="d">1879-</marc:subfield></marc:datafield><marc:datafield tag="740" ind1="4" ind2=" "><marc:subfield code="a">The Emperor Jones.</marc:subfield></marc:datafield><marc:datafield tag="830" ind1=" " ind2="0"><marc:subfield code="a">Noble's comparative classics.</marc:subfield></marc:datafield><marc:datafield tag="907" ind1=" " ind2=" "><marc:subfield code="a">b1105561</marc:subfield></marc:datafield><marc:datafield tag="919" ind1=" " ind2=" "><marc:subfield code="t">Macbeth Is</marc:subfield></marc:datafield><marc:datafield tag="999" ind1="9" ind2="1"><marc:subfield code="i">i1190087</marc:subfield><marc:subfield code="l">ddda</marc:subfield><marc:subfield code="s">-</marc:subfield><marc:subfield code="t">0</marc:subfield><marc:subfield code="c">1</marc:subfield><marc:subfield code="o">3</marc:subfield><marc:subfield code="b">00005015976</marc:subfield><marc:subfield code="p">090##</marc:subfield><marc:subfield code="q">|aPR2823.A2 H4 1935</marc:subfield></marc:datafield><marc:datafield tag="999" ind1="0" ind2="0"><marc:subfield code="a">2004-10-01 00:00:00-04</marc:subfield><marc:subfield code="c">2004-09-27 13:16:13-04</marc:subfield><marc:subfield code="u">2016-09-23 13:51:36-04</marc:subfield></marc:datafield></marc:record>