
<marc:record><marc:leader>00859cam a2200253   4500</marc:leader>
<marc:controlfield tag="008">730227s1973    nyua     b    000 0 eng  </marc:controlfield>
<marc:controlfield tag="001">812481</marc:controlfield><marc:controlfield tag="005">19850523000000.0</marc:controlfield><marc:datafield tag="010" ind1=" " ind2=" "><marc:subfield code="a">72088228 //r83</marc:subfield></marc:datafield><marc:datafield tag="020" ind1=" " ind2=" "><marc:subfield code="a">0810460157</marc:subfield></marc:datafield><marc:datafield tag="040" ind1=" " ind2=" "><marc:subfield code="a">DLC</marc:subfield><marc:subfield code="c">DLC</marc:subfield><marc:subfield code="d">m.c.</marc:subfield><marc:subfield code="d">NOC</marc:subfield></marc:datafield><marc:datafield tag="082" ind1=" " ind2=" "><marc:subfield code="a">822.3/3</marc:subfield></marc:datafield><marc:datafield tag="100" ind1="1" ind2=" "><marc:subfield code="a">Shakespeare, William,</marc:subfield><marc:subfield code="d">1564-1616.</marc:subfield></marc:datafield><marc:datafield tag="240" ind1="1" ind2="0"><marc:subfield code="a">Macbeth</marc:subfield></marc:datafield><marc:datafield tag="245" ind1="1" ind2="4"><marc:subfield code="a">The tragedy of Macbeth.</marc:subfield><marc:subfield code="c">Edited by Maynard Mack and Robert W. Boynton.</marc:subfield></marc:datafield><marc:datafield tag="260" ind1=" " ind2=" "><marc:subfield code="a">New York,</marc:subfield><marc:subfield code="b">Hayden Book Co.</marc:subfield><marc:subfield code="c">[1973]</marc:subfield></marc:datafield><marc:datafield tag="300" ind1=" " ind2=" "><marc:subfield code="a">vi, 141 p.</marc:subfield><marc:subfield code="b">illus.</marc:subfield><marc:subfield code="c">21 cm.</marc:subfield></marc:datafield><marc:datafield tag="504" ind1=" " ind2=" "><marc:subfield code="a">Bibliography: p. 140-141.</marc:subfield></marc:datafield><marc:datafield tag="700" ind1="1" ind2=" "><marc:subfield code="a">Mack, Maynard,</marc:subfield><marc:subfield code="d">1909-2001,</marc:subfield><marc:subfield code="e">editor.</marc:subfield></marc:datafield><marc:datafield tag="700" ind1="1" ind2=" "><marc:subfield code="a">Boynton, Robert W.,</marc:subfield><marc:subfield code="e">editor.</marc:subfield></marc:datafield><marc:datafield tag="907" ind1=" " ind2=" "><marc:subfield code="a">b1188464</marc:subfield></marc:datafield><marc:datafield tag="919" ind1=" " ind2=" "><marc:subfield code="t">Macbeth Is</marc:subfield></marc:datafield><marc:datafield tag="999" ind1="9" ind2="1"><marc:subfield code="i">i1330647</marc:subfield><marc:subfield code="l">ddda</marc:subfield><marc:subfield code="s">-</marc:subfield><marc:subfield code="t">0</marc:subfield><marc:subfield code="c">1</marc:subfield><marc:subfield code="o">11</marc:subfield><marc:subfield code="b">10000086292</marc:subfield><marc:subfield code="p">090##</marc:subfield><marc:subfield code="q">|aPR2823.A2 M32</marc:subfield></marc:datafield><marc:datafield tag="999" ind1="0" ind2="0"><marc:subfield code="a">2004-10-01 00:00:00-04</marc:subfield><marc:subfield code="c">2004-09-27 13:23:01-04</marc:subfield><marc:subfield code="u">2018-01-15 13:28:27-05</marc:subfield></marc:datafield></marc:record>