
<marc:record><marc:leader>00875cam a2200253I  4500</marc:leader>
<marc:controlfield tag="008">910429s1966    mau           000 0 eng  </marc:controlfield>
<marc:controlfield tag="001">1360317</marc:controlfield><marc:controlfield tag="005">19910429000000.0</marc:controlfield><marc:datafield tag="010" ind1=" " ind2=" "><marc:subfield code="a">66007599</marc:subfield></marc:datafield><marc:datafield tag="040" ind1=" " ind2=" "><marc:subfield code="a">DLC</marc:subfield><marc:subfield code="c">SNN</marc:subfield><marc:subfield code="d">m.c.</marc:subfield><marc:subfield code="d">TJC</marc:subfield></marc:datafield><marc:datafield tag="050" ind1="0" ind2=" "><marc:subfield code="a">PR2823.A2</marc:subfield><marc:subfield code="b">K6 1966</marc:subfield></marc:datafield><marc:datafield tag="082" ind1=" " ind2=" "><marc:subfield code="a">822.33</marc:subfield></marc:datafield><marc:datafield tag="100" ind1="1" ind2=" "><marc:subfield code="a">Shakespeare, William,</marc:subfield><marc:subfield code="d">1564-1616.</marc:subfield></marc:datafield><marc:datafield tag="240" ind1="1" ind2="0"><marc:subfield code="a">Macbeth</marc:subfield></marc:datafield><marc:datafield tag="245" ind1="1" ind2="4"><marc:subfield code="a">The tragedy of Macbeth.</marc:subfield><marc:subfield code="c">Edited by George Lyman Kittredge. Rev. by Irving Ribner.</marc:subfield></marc:datafield><marc:datafield tag="250" ind1=" " ind2=" "><marc:subfield code="a">[2d ed.]</marc:subfield></marc:datafield><marc:datafield tag="260" ind1=" " ind2=" "><marc:subfield code="a">Waltham, Mass.,</marc:subfield><marc:subfield code="b">Blaisdell Pub. Co.</marc:subfield><marc:subfield code="c">[1966]</marc:subfield></marc:datafield><marc:datafield tag="300" ind1=" " ind2=" "><marc:subfield code="a">xvi, 101 p.</marc:subfield><marc:subfield code="c">21 cm.</marc:subfield></marc:datafield><marc:datafield tag="700" ind1="1" ind2=" "><marc:subfield code="a">Kittredge, George Lyman,</marc:subfield><marc:subfield code="d">1860-1941,</marc:subfield><marc:subfield code="e">editor.</marc:subfield></marc:datafield><marc:datafield tag="830" ind1=" " ind2="0"><marc:subfield code="a">Blaisdell book in the humanities.</marc:subfield></marc:datafield><marc:datafield tag="907" ind1=" " ind2=" "><marc:subfield code="a">b1273170</marc:subfield></marc:datafield><marc:datafield tag="919" ind1=" " ind2=" "><marc:subfield code="t">Macbeth Is</marc:subfield></marc:datafield><marc:datafield tag="999" ind1="9" ind2="1"><marc:subfield code="i">i1482580</marc:subfield><marc:subfield code="l">ddda</marc:subfield><marc:subfield code="s">-</marc:subfield><marc:subfield code="t">0</marc:subfield><marc:subfield code="c">3</marc:subfield><marc:subfield code="o">6</marc:subfield><marc:subfield code="b">00007053243</marc:subfield><marc:subfield code="p">090##</marc:subfield><marc:subfield code="q">|aPR2823.A2 K6 1966</marc:subfield></marc:datafield><marc:datafield tag="999" ind1="0" ind2="0"><marc:subfield code="a">2004-10-01 00:00:00-04</marc:subfield><marc:subfield code="c">2004-09-27 16:32:57-04</marc:subfield><marc:subfield code="u">2018-01-15 13:28:28-05</marc:subfield></marc:datafield></marc:record>