
<marc:record><marc:leader>00864cam a2200217I  4500</marc:leader>
<marc:controlfield tag="008">901215s1921    vtu           000 d eng d</marc:controlfield>
<marc:controlfield tag="001">1360790</marc:controlfield><marc:controlfield tag="005">19901215000000.0</marc:controlfield><marc:datafield tag="040" ind1=" " ind2=" "><marc:subfield code="a">ZDG</marc:subfield><marc:subfield code="c">ZDG</marc:subfield><marc:subfield code="d">m.c.</marc:subfield><marc:subfield code="d">m/c</marc:subfield></marc:datafield><marc:datafield tag="100" ind1="1" ind2=" "><marc:subfield code="a">Shakespeare, William,</marc:subfield><marc:subfield code="d">1564-1616.</marc:subfield></marc:datafield><marc:datafield tag="240" ind1="1" ind2="0"><marc:subfield code="a">Macbeth</marc:subfield></marc:datafield><marc:datafield tag="245" ind1="1" ind2="4"><marc:subfield code="a">The tragedie of Macbeth;</marc:subfield><marc:subfield code="b">a corrected edition of the text of the first folio of 1623,</marc:subfield><marc:subfield code="c">by Henry Johnson.</marc:subfield></marc:datafield><marc:datafield tag="246" ind1="3" ind2=" "><marc:subfield code="a">Tragedy of Macbeth</marc:subfield></marc:datafield><marc:datafield tag="260" ind1=" " ind2=" "><marc:subfield code="a">Brattleboro, Vermont,</marc:subfield><marc:subfield code="b">Printed by E. L. Hildreth &amp; Company,</marc:subfield><marc:subfield code="c">1921.</marc:subfield></marc:datafield><marc:datafield tag="300" ind1=" " ind2=" "><marc:subfield code="a">1 v.</marc:subfield><marc:subfield code="c">34 cm.</marc:subfield></marc:datafield><marc:datafield tag="700" ind1="1" ind2=" "><marc:subfield code="a">Johnson, Henry,</marc:subfield><marc:subfield code="d">1855-1918,</marc:subfield><marc:subfield code="e">editor.</marc:subfield></marc:datafield><marc:datafield tag="907" ind1=" " ind2=" "><marc:subfield code="a">b1273224</marc:subfield></marc:datafield><marc:datafield tag="919" ind1=" " ind2=" "><marc:subfield code="t">Macbeth Is</marc:subfield></marc:datafield><marc:datafield tag="999" ind1="9" ind2="1"><marc:subfield code="i">i1482665</marc:subfield><marc:subfield code="l">dddb</marc:subfield><marc:subfield code="s">-</marc:subfield><marc:subfield code="t">0</marc:subfield><marc:subfield code="c">1</marc:subfield><marc:subfield code="o">0</marc:subfield><marc:subfield code="b">HAGZ-4290-00001</marc:subfield><marc:subfield code="p">090##</marc:subfield><marc:subfield code="q">|aPR2823.A2 J6</marc:subfield></marc:datafield><marc:datafield tag="999" ind1="9" ind2="1"><marc:subfield code="i">i1482666</marc:subfield><marc:subfield code="l">dddb</marc:subfield><marc:subfield code="s">-</marc:subfield><marc:subfield code="t">0</marc:subfield><marc:subfield code="c">2</marc:subfield><marc:subfield code="o">0</marc:subfield><marc:subfield code="b">HAGZ-4290-00002</marc:subfield><marc:subfield code="p">090##</marc:subfield><marc:subfield code="q">|aPR2823.A2 J6</marc:subfield></marc:datafield><marc:datafield tag="999" ind1="0" ind2="0"><marc:subfield code="a">2004-10-01 00:00:00-04</marc:subfield><marc:subfield code="c">2004-09-27 16:32:57-04</marc:subfield><marc:subfield code="u">2018-01-15 13:28:29-05</marc:subfield></marc:datafield></marc:record>