
<marc:record><marc:leader>00918cam a2200229Ii 4500</marc:leader>
<marc:controlfield tag="008">901215s1972    enk           000 0 eng d</marc:controlfield>
<marc:controlfield tag="001">1931072</marc:controlfield><marc:controlfield tag="005">19901215000000.0</marc:controlfield><marc:datafield tag="019" ind1=" " ind2=" "><marc:subfield code="a">1868895</marc:subfield><marc:subfield code="a">1923621</marc:subfield></marc:datafield><marc:datafield tag="020" ind1=" " ind2=" "><marc:subfield code="a">0719121612</marc:subfield></marc:datafield><marc:datafield tag="040" ind1=" " ind2=" "><marc:subfield code="a">ZXC</marc:subfield><marc:subfield code="c">ZXC</marc:subfield><marc:subfield code="d">m.c.</marc:subfield><marc:subfield code="d">OCL</marc:subfield><marc:subfield code="d">NAM</marc:subfield><marc:subfield code="d">GUA</marc:subfield></marc:datafield><marc:datafield tag="100" ind1="1" ind2=" "><marc:subfield code="a">Shakespeare, William,</marc:subfield><marc:subfield code="d">1564-1616.</marc:subfield></marc:datafield><marc:datafield tag="245" ind1="1" ind2="0"><marc:subfield code="a">Macbeth, 1794 /</marc:subfield><marc:subfield code="c">[William Shakespeare ; adapted by] J. P. Kemble.</marc:subfield></marc:datafield><marc:datafield tag="260" ind1=" " ind2=" "><marc:subfield code="a">London :</marc:subfield><marc:subfield code="b">Cornmarket Press,</marc:subfield><marc:subfield code="c">1972.</marc:subfield></marc:datafield><marc:datafield tag="300" ind1=" " ind2=" "><marc:subfield code="a">[5], 64 p. ;</marc:subfield><marc:subfield code="c">21 cm.</marc:subfield></marc:datafield><marc:datafield tag="500" ind1=" " ind2=" "><marc:subfield code="a">Reprint of the 1794 ed. printed by C. Lowndes, London; copy in the British Museum, shelf mark: 1344 f 34.</marc:subfield></marc:datafield><marc:datafield tag="700" ind1="1" ind2=" "><marc:subfield code="a">Kemble, John Philip,</marc:subfield><marc:subfield code="d">1757-1823.</marc:subfield></marc:datafield><marc:datafield tag="830" ind1=" " ind2="0"><marc:subfield code="a">Second series of adaptations of Shakespeare's plays.</marc:subfield></marc:datafield><marc:datafield tag="907" ind1=" " ind2=" "><marc:subfield code="a">b1344468</marc:subfield></marc:datafield><marc:datafield tag="919" ind1=" " ind2=" "><marc:subfield code="t">Macbeth Is</marc:subfield></marc:datafield><marc:datafield tag="999" ind1="9" ind2="1"><marc:subfield code="i">i1825532</marc:subfield><marc:subfield code="l">ddda</marc:subfield><marc:subfield code="s">-</marc:subfield><marc:subfield code="t">0</marc:subfield><marc:subfield code="c">1</marc:subfield><marc:subfield code="o">5</marc:subfield><marc:subfield code="b">00008086019</marc:subfield><marc:subfield code="p">090##</marc:subfield><marc:subfield code="q">|aPR2878.M3 K45 1972</marc:subfield></marc:datafield><marc:datafield tag="999" ind1="0" ind2="0"><marc:subfield code="a">2004-10-01 00:00:00-04</marc:subfield><marc:subfield code="c">2004-09-27 18:46:33-04</marc:subfield><marc:subfield code="u">2016-09-26 09:54:50-04</marc:subfield></marc:datafield></marc:record>