
<marc:record><marc:leader>01217cam a2200301I  4500</marc:leader>
<marc:controlfield tag="008">901027s1911    nyua          000 0 eng  </marc:controlfield>
<marc:controlfield tag="001">2171311</marc:controlfield><marc:controlfield tag="005">19910810135947.4</marc:controlfield><marc:datafield tag="010" ind1=" " ind2=" "><marc:subfield code="a">11032272</marc:subfield></marc:datafield><marc:datafield tag="040" ind1=" " ind2=" "><marc:subfield code="a">DLC</marc:subfield><marc:subfield code="c">EXN</marc:subfield><marc:subfield code="d">m.c.</marc:subfield></marc:datafield><marc:datafield tag="050" ind1="0" ind2=" "><marc:subfield code="a">PR2754</marc:subfield><marc:subfield code="b">.N5 vol. 18</marc:subfield></marc:datafield><marc:datafield tag="100" ind1="1" ind2=" "><marc:subfield code="a">Shakespeare, William,</marc:subfield><marc:subfield code="d">1564-1616.</marc:subfield></marc:datafield><marc:datafield tag="240" ind1="1" ind2="0"><marc:subfield code="a">Macbeth</marc:subfield></marc:datafield><marc:datafield tag="245" ind1="1" ind2="4"><marc:subfield code="a">The tragedy of Macbeth,</marc:subfield><marc:subfield code="c">ed. by Arthur C. L. Brown ...</marc:subfield></marc:datafield><marc:datafield tag="260" ind1=" " ind2=" "><marc:subfield code="a">New York,</marc:subfield><marc:subfield code="b">The Macmillan company,</marc:subfield><marc:subfield code="c">1911.</marc:subfield></marc:datafield><marc:datafield tag="300" ind1=" " ind2=" "><marc:subfield code="a">xviii, 135 p.</marc:subfield><marc:subfield code="b">front.</marc:subfield><marc:subfield code="c">15 cm.</marc:subfield></marc:datafield><marc:datafield tag="500" ind1=" " ind2=" "><marc:subfield code="a">Series title also at head of t.-p.</marc:subfield></marc:datafield><marc:datafield tag="500" ind1=" " ind2=" "><marc:subfield code="a">Title and half-title within ornamental borders.</marc:subfield></marc:datafield><marc:datafield tag="500" ind1=" " ind2=" "><marc:subfield code="a">Illustrated end-papers.</marc:subfield></marc:datafield><marc:datafield tag="530" ind1=" " ind2=" "><marc:subfield code="a">Also issued online.</marc:subfield></marc:datafield><marc:datafield tag="700" ind1="1" ind2=" "><marc:subfield code="a">Brown, Arthur C. L.,</marc:subfield><marc:subfield code="d">1869-1946,</marc:subfield><marc:subfield code="e">editor.</marc:subfield></marc:datafield><marc:datafield tag="800" ind1="1" ind2=" "><marc:subfield code="a">Shakespeare, William,</marc:subfield><marc:subfield code="d">1564-1616.</marc:subfield><marc:subfield code="t">Works.</marc:subfield><marc:subfield code="f">1911.</marc:subfield><marc:subfield code="s">Macmillan.</marc:subfield></marc:datafield><marc:datafield tag="856" ind1="4" ind2="1"><marc:subfield code="u">https://catalog.hathitrust.org/Record/001373638</marc:subfield><marc:subfield code="y">Full text available through HathiTrust</marc:subfield></marc:datafield><marc:datafield tag="907" ind1=" " ind2=" "><marc:subfield code="a">b1373150</marc:subfield></marc:datafield><marc:datafield tag="919" ind1=" " ind2=" "><marc:subfield code="t">Macbeth Is</marc:subfield></marc:datafield><marc:datafield tag="999" ind1="9" ind2="1"><marc:subfield code="i">i1875320</marc:subfield><marc:subfield code="l">ddda</marc:subfield><marc:subfield code="s">-</marc:subfield><marc:subfield code="t">0</marc:subfield><marc:subfield code="c">1</marc:subfield><marc:subfield code="o">4</marc:subfield><marc:subfield code="b">00014198931</marc:subfield><marc:subfield code="p">090##</marc:subfield><marc:subfield code="q">|aPR2754|b.N5 v. 18</marc:subfield><marc:subfield code="v">v.18</marc:subfield></marc:datafield><marc:datafield tag="999" ind1="9" ind2="1"><marc:subfield code="i">i1875321</marc:subfield><marc:subfield code="l">ddda</marc:subfield><marc:subfield code="s">-</marc:subfield><marc:subfield code="t">0</marc:subfield><marc:subfield code="c">2</marc:subfield><marc:subfield code="o">2</marc:subfield><marc:subfield code="b">00014198922</marc:subfield><marc:subfield code="p">090##</marc:subfield><marc:subfield code="q">|aPR2754|b.N5 v. 18</marc:subfield><marc:subfield code="v">v.18</marc:subfield></marc:datafield><marc:datafield tag="999" ind1="0" ind2="0"><marc:subfield code="a">2004-10-01 00:00:00-04</marc:subfield><marc:subfield code="c">2004-09-27 18:48:00-04</marc:subfield><marc:subfield code="u">2018-01-15 13:28:32-05</marc:subfield></marc:datafield></marc:record>