
<marc:record><marc:leader>00944cam a2200241I  4500</marc:leader>
<marc:controlfield tag="008">901215s1962    enk           000 0 eng d</marc:controlfield>
<marc:controlfield tag="001">2628764</marc:controlfield><marc:controlfield tag="005">19910607134540.7</marc:controlfield><marc:datafield tag="040" ind1=" " ind2=" "><marc:subfield code="c">CSU</marc:subfield><marc:subfield code="d">CSU</marc:subfield><marc:subfield code="d">m.c.</marc:subfield></marc:datafield><marc:datafield tag="100" ind1="1" ind2=" "><marc:subfield code="a">Shakespeare, William,</marc:subfield><marc:subfield code="d">1564-1616.</marc:subfield></marc:datafield><marc:datafield tag="245" ind1="1" ind2="0"><marc:subfield code="a">Macbeth.</marc:subfield><marc:subfield code="c">Edited by Kenneth Muir.</marc:subfield></marc:datafield><marc:datafield tag="250" ind1=" " ind2=" "><marc:subfield code="a">[9th ed.]</marc:subfield></marc:datafield><marc:datafield tag="260" ind1=" " ind2=" "><marc:subfield code="a">London,</marc:subfield><marc:subfield code="b">Methuen;</marc:subfield><marc:subfield code="a">Cambridge Mass.,</marc:subfield><marc:subfield code="b">Harvard University Press</marc:subfield><marc:subfield code="c">[c1962]</marc:subfield></marc:datafield><marc:datafield tag="300" ind1=" " ind2=" "><marc:subfield code="a">205 p.</marc:subfield></marc:datafield><marc:datafield tag="700" ind1="1" ind2=" "><marc:subfield code="a">Muir, Kenneth.</marc:subfield></marc:datafield><marc:datafield tag="830" ind1=" " ind2="0"><marc:subfield code="a">Arden Shakespeare.</marc:subfield></marc:datafield><marc:datafield tag="907" ind1=" " ind2=" "><marc:subfield code="a">b1417083</marc:subfield></marc:datafield><marc:datafield tag="919" ind1=" " ind2=" "><marc:subfield code="t">Macbeth Is</marc:subfield></marc:datafield><marc:datafield tag="999" ind1="9" ind2="1"><marc:subfield code="i">i1966802</marc:subfield><marc:subfield code="l">uada</marc:subfield><marc:subfield code="s">-</marc:subfield><marc:subfield code="t">0</marc:subfield><marc:subfield code="c">1</marc:subfield><marc:subfield code="o">14</marc:subfield><marc:subfield code="b">00008396942</marc:subfield><marc:subfield code="p">090##</marc:subfield><marc:subfield code="q">|aPR2823.A2 M78 1962</marc:subfield></marc:datafield><marc:datafield tag="999" ind1="9" ind2="1"><marc:subfield code="i">i1966803</marc:subfield><marc:subfield code="l">uada</marc:subfield><marc:subfield code="s">-</marc:subfield><marc:subfield code="t">0</marc:subfield><marc:subfield code="c">2</marc:subfield><marc:subfield code="o">25</marc:subfield><marc:subfield code="b">00008140273</marc:subfield><marc:subfield code="p">090##</marc:subfield><marc:subfield code="q">|aPR2823.A2 M78 1962</marc:subfield></marc:datafield><marc:datafield tag="999" ind1="9" ind2="1"><marc:subfield code="i">i1966804</marc:subfield><marc:subfield code="l">uada</marc:subfield><marc:subfield code="s">-</marc:subfield><marc:subfield code="t">0</marc:subfield><marc:subfield code="c">3</marc:subfield><marc:subfield code="o">12</marc:subfield><marc:subfield code="b">00007956250</marc:subfield><marc:subfield code="p">090##</marc:subfield><marc:subfield code="q">|aPR2823.A2 M78 1962</marc:subfield></marc:datafield><marc:datafield tag="999" ind1="9" ind2="1"><marc:subfield code="i">i1966805</marc:subfield><marc:subfield code="l">uada</marc:subfield><marc:subfield code="s">-</marc:subfield><marc:subfield code="t">0</marc:subfield><marc:subfield code="c">4</marc:subfield><marc:subfield code="o">24</marc:subfield><marc:subfield code="b">00007984407</marc:subfield><marc:subfield code="p">090##</marc:subfield><marc:subfield code="q">|aPR2823.A2 M78 1962</marc:subfield></marc:datafield><marc:datafield tag="999" ind1="0" ind2="0"><marc:subfield code="a">2004-10-01 00:00:00-04</marc:subfield><marc:subfield code="c">2004-09-28 16:06:41-04</marc:subfield><marc:subfield code="u">2016-09-26 13:14:15-04</marc:subfield></marc:datafield></marc:record>