
<marc:record><marc:leader>00813cam a2200217I  4500</marc:leader>
<marc:controlfield tag="008">901215s1957    mau           000 0 eng d</marc:controlfield>
<marc:controlfield tag="001">2828920</marc:controlfield><marc:controlfield tag="005">19910607133354.6</marc:controlfield><marc:datafield tag="019" ind1=" " ind2=" "><marc:subfield code="a">353921</marc:subfield></marc:datafield><marc:datafield tag="040" ind1=" " ind2=" "><marc:subfield code="a">VJA</marc:subfield><marc:subfield code="c">VJA</marc:subfield><marc:subfield code="d">m.c.</marc:subfield><marc:subfield code="d">OCL</marc:subfield><marc:subfield code="d">WSU</marc:subfield><marc:subfield code="d">NRC</marc:subfield></marc:datafield><marc:datafield tag="100" ind1="1" ind2=" "><marc:subfield code="a">Shakespeare, William,</marc:subfield><marc:subfield code="d">1564-1616.</marc:subfield></marc:datafield><marc:datafield tag="245" ind1="1" ind2="0"><marc:subfield code="a">Macbeth,</marc:subfield><marc:subfield code="c">edited by Kenneth Muir.</marc:subfield></marc:datafield><marc:datafield tag="250" ind1=" " ind2=" "><marc:subfield code="a">[8th ed., rev., 1953. Reprinted, with minor corrections and new appendix]</marc:subfield></marc:datafield><marc:datafield tag="260" ind1=" " ind2=" "><marc:subfield code="a">Cambridge, Mass.,</marc:subfield><marc:subfield code="b">Harvard University Press</marc:subfield><marc:subfield code="c">[1957]</marc:subfield></marc:datafield><marc:datafield tag="300" ind1=" " ind2=" "><marc:subfield code="a">lxxiv, 201 p.</marc:subfield><marc:subfield code="c">23 cm.</marc:subfield></marc:datafield><marc:datafield tag="700" ind1="1" ind2=" "><marc:subfield code="a">Muir, Kenneth.</marc:subfield></marc:datafield><marc:datafield tag="800" ind1="1" ind2=" "><marc:subfield code="a">Shakespeare, William,</marc:subfield><marc:subfield code="d">1564-1616.</marc:subfield><marc:subfield code="t">Works.</marc:subfield><marc:subfield code="f">1954.</marc:subfield></marc:datafield><marc:datafield tag="907" ind1=" " ind2=" "><marc:subfield code="a">b1436672</marc:subfield></marc:datafield><marc:datafield tag="919" ind1=" " ind2=" "><marc:subfield code="t">Macbeth Is</marc:subfield></marc:datafield><marc:datafield tag="999" ind1="9" ind2="1"><marc:subfield code="i">i2008997</marc:subfield><marc:subfield code="l">ddda</marc:subfield><marc:subfield code="s">-</marc:subfield><marc:subfield code="t">0</marc:subfield><marc:subfield code="c">1</marc:subfield><marc:subfield code="o">8</marc:subfield><marc:subfield code="b">10000931388</marc:subfield><marc:subfield code="p">090##</marc:subfield><marc:subfield code="q">|aPR2823.A2 M78 1957</marc:subfield></marc:datafield><marc:datafield tag="999" ind1="0" ind2="0"><marc:subfield code="a">2004-10-01 00:00:00-04</marc:subfield><marc:subfield code="c">2004-09-28 16:08:33-04</marc:subfield><marc:subfield code="u">2016-09-23 09:36:03-04</marc:subfield></marc:datafield></marc:record>