
<marc:record><marc:leader>00833cam a2200205I  4500</marc:leader>
<marc:controlfield tag="008">901215s1903    nyu           000 0 eng d</marc:controlfield>
<marc:controlfield tag="001">4783829</marc:controlfield><marc:controlfield tag="005">19910327132917.9</marc:controlfield><marc:datafield tag="040" ind1=" " ind2=" "><marc:subfield code="a">UUM</marc:subfield><marc:subfield code="c">UUM</marc:subfield><marc:subfield code="d">m.c.</marc:subfield></marc:datafield><marc:datafield tag="100" ind1="1" ind2=" "><marc:subfield code="a">Shakespeare, William,</marc:subfield><marc:subfield code="d">1564-1616.</marc:subfield></marc:datafield><marc:datafield tag="240" ind1="1" ind2="0"><marc:subfield code="a">Macbeth</marc:subfield></marc:datafield><marc:datafield tag="245" ind1="1" ind2="4"><marc:subfield code="a">The tragedie of Macbeth;</marc:subfield><marc:subfield code="b">a new edition of Shakespere's works with critical text in Elizabethan English and brief notes illustrative of Elizabethan life, thought and idiom,</marc:subfield><marc:subfield code="c">by Mark Harvey Liddell.</marc:subfield></marc:datafield><marc:datafield tag="246" ind1="3" ind2=" "><marc:subfield code="a">Tragedy of Macbeth</marc:subfield></marc:datafield><marc:datafield tag="260" ind1=" " ind2=" "><marc:subfield code="a">New York,</marc:subfield><marc:subfield code="b">Doubleday, Page &amp; Co.,</marc:subfield><marc:subfield code="c">1903.</marc:subfield></marc:datafield><marc:datafield tag="300" ind1=" " ind2=" "><marc:subfield code="a">xxxiii, 247 p.</marc:subfield><marc:subfield code="c">25 cm</marc:subfield></marc:datafield><marc:datafield tag="700" ind1="1" ind2=" "><marc:subfield code="a">Liddell, Mark Harvey.</marc:subfield></marc:datafield><marc:datafield tag="907" ind1=" " ind2=" "><marc:subfield code="a">b1599509</marc:subfield></marc:datafield><marc:datafield tag="919" ind1=" " ind2=" "><marc:subfield code="t">Macbeth Is</marc:subfield></marc:datafield><marc:datafield tag="999" ind1="9" ind2="1"><marc:subfield code="i">i2272348</marc:subfield><marc:subfield code="l">ddda</marc:subfield><marc:subfield code="s">-</marc:subfield><marc:subfield code="t">0</marc:subfield><marc:subfield code="c">1</marc:subfield><marc:subfield code="o">4</marc:subfield><marc:subfield code="b">10000676724</marc:subfield><marc:subfield code="p">090##</marc:subfield><marc:subfield code="q">|aPR2823.A2 L5</marc:subfield></marc:datafield><marc:datafield tag="999" ind1="0" ind2="0"><marc:subfield code="a">2004-10-01 00:00:00-04</marc:subfield><marc:subfield code="c">2004-09-28 16:30:51-04</marc:subfield><marc:subfield code="u">2018-01-15 13:28:38-05</marc:subfield></marc:datafield></marc:record>