
<marc:record><marc:leader>01156cam a2200289I  4500</marc:leader>
<marc:controlfield tag="008">901215s1964    enkah    b    000 0 eng  </marc:controlfield>
<marc:controlfield tag="001">5139270</marc:controlfield><marc:controlfield tag="005">19901215000000.0</marc:controlfield><marc:datafield tag="010" ind1=" " ind2=" "><marc:subfield code="a">65002394</marc:subfield></marc:datafield><marc:datafield tag="040" ind1=" " ind2=" "><marc:subfield code="a">Library of Congress</marc:subfield><marc:subfield code="c">KSW</marc:subfield><marc:subfield code="d">m.c.</marc:subfield></marc:datafield><marc:datafield tag="050" ind1=" " ind2=" "><marc:subfield code="a">PR2823.A2</marc:subfield><marc:subfield code="b">W35</marc:subfield></marc:datafield><marc:datafield tag="100" ind1="1" ind2=" "><marc:subfield code="a">Shakespeare, William,</marc:subfield><marc:subfield code="d">1564-1616.</marc:subfield></marc:datafield><marc:datafield tag="240" ind1="1" ind2="0"><marc:subfield code="a">Macbeth</marc:subfield></marc:datafield><marc:datafield tag="245" ind1="1" ind2="4"><marc:subfield code="a">The tragedy of Macbeth.</marc:subfield><marc:subfield code="c">Edited by Ronald Watkins &amp; Jeremy Lemmon, with illus. by Maurice Percival.</marc:subfield></marc:datafield><marc:datafield tag="260" ind1=" " ind2=" "><marc:subfield code="a">[London]</marc:subfield><marc:subfield code="b">Oxford University Press,</marc:subfield><marc:subfield code="c">1964 [i.e. 1965]</marc:subfield></marc:datafield><marc:datafield tag="300" ind1=" " ind2=" "><marc:subfield code="a">311 p.</marc:subfield><marc:subfield code="b">illus., facsims.</marc:subfield><marc:subfield code="c">21 cm.</marc:subfield></marc:datafield><marc:datafield tag="504" ind1=" " ind2=" "><marc:subfield code="a">Includes bibliographies.</marc:subfield></marc:datafield><marc:datafield tag="504" ind1=" " ind2=" "><marc:subfield code="a">Bibliographical references included in &quot;Notes&quot; (p. 213-302)</marc:subfield></marc:datafield><marc:datafield tag="700" ind1="1" ind2=" "><marc:subfield code="a">Watkins, Ronald,</marc:subfield><marc:subfield code="e">editor.</marc:subfield></marc:datafield><marc:datafield tag="700" ind1="1" ind2=" "><marc:subfield code="a">Lemmon, Jeremy,</marc:subfield><marc:subfield code="e">editor.</marc:subfield></marc:datafield><marc:datafield tag="830" ind1=" " ind2="0"><marc:subfield code="a">Harrow Shakespeare.</marc:subfield></marc:datafield><marc:datafield tag="907" ind1=" " ind2=" "><marc:subfield code="a">b1624505</marc:subfield></marc:datafield><marc:datafield tag="919" ind1=" " ind2=" "><marc:subfield code="t">Macbeth Is</marc:subfield></marc:datafield><marc:datafield tag="999" ind1="9" ind2="1"><marc:subfield code="i">i2312160</marc:subfield><marc:subfield code="l">ddda</marc:subfield><marc:subfield code="s">-</marc:subfield><marc:subfield code="t">0</marc:subfield><marc:subfield code="c">1</marc:subfield><marc:subfield code="o">7</marc:subfield><marc:subfield code="b">10000860427</marc:subfield><marc:subfield code="p">090##</marc:subfield><marc:subfield code="q">|aPR2823.A2 W35</marc:subfield></marc:datafield><marc:datafield tag="999" ind1="9" ind2="1"><marc:subfield code="i">i2312162</marc:subfield><marc:subfield code="l">uada</marc:subfield><marc:subfield code="s">-</marc:subfield><marc:subfield code="t">0</marc:subfield><marc:subfield code="c">3</marc:subfield><marc:subfield code="o">21</marc:subfield><marc:subfield code="b">10000121805</marc:subfield><marc:subfield code="p">090##</marc:subfield><marc:subfield code="q">|aPR2823.A2 W35</marc:subfield></marc:datafield><marc:datafield tag="999" ind1="9" ind2="1"><marc:subfield code="i">i2312164</marc:subfield><marc:subfield code="l">uada</marc:subfield><marc:subfield code="s">-</marc:subfield><marc:subfield code="t">0</marc:subfield><marc:subfield code="c">5</marc:subfield><marc:subfield code="o">17</marc:subfield><marc:subfield code="b">00007957017</marc:subfield><marc:subfield code="p">090##</marc:subfield><marc:subfield code="q">|aPR2823.A2 W35</marc:subfield></marc:datafield><marc:datafield tag="999" ind1="0" ind2="0"><marc:subfield code="a">2004-10-01 00:00:00-04</marc:subfield><marc:subfield code="c">2004-09-29 16:10:00-04</marc:subfield><marc:subfield code="u">2018-01-15 13:28:39-05</marc:subfield></marc:datafield></marc:record>