
<marc:record><marc:leader>00908cam a2200193I  4500</marc:leader>
<marc:controlfield tag="008">901215s1889    nyuab         000 d eng d</marc:controlfield>
<marc:controlfield tag="001">6509123</marc:controlfield><marc:controlfield tag="005">19901215000000.0</marc:controlfield><marc:datafield tag="040" ind1=" " ind2=" "><marc:subfield code="a">TXA</marc:subfield><marc:subfield code="c">TXA</marc:subfield><marc:subfield code="d">m.c.</marc:subfield></marc:datafield><marc:datafield tag="100" ind1="1" ind2=" "><marc:subfield code="a">Shakespeare, William,</marc:subfield><marc:subfield code="d">1564-1616.</marc:subfield></marc:datafield><marc:datafield tag="240" ind1="1" ind2="0"><marc:subfield code="a">Macbeth</marc:subfield></marc:datafield><marc:datafield tag="245" ind1="1" ind2="0"><marc:subfield code="a">Shakespeare's tragedy of Macbeth.</marc:subfield><marc:subfield code="c">Ed., with notes, by Homer B. Sprague ... With critical comments, elocutionary analysis with suggestions for expressive reading, plans for the study of English literature, and specimens of examinaton papers.</marc:subfield></marc:datafield><marc:datafield tag="260" ind1=" " ind2=" "><marc:subfield code="a">New-York,</marc:subfield><marc:subfield code="a">Boston [etc.]</marc:subfield><marc:subfield code="b">Silver, Burdett &amp; co.</marc:subfield><marc:subfield code="c">[c1889]</marc:subfield></marc:datafield><marc:datafield tag="300" ind1=" " ind2=" "><marc:subfield code="a">237 p.</marc:subfield><marc:subfield code="b">1 illus. (map.)</marc:subfield><marc:subfield code="c">19 cm.</marc:subfield></marc:datafield><marc:datafield tag="700" ind1="1" ind2=" "><marc:subfield code="a">Sprague, Homer B.</marc:subfield><marc:subfield code="q">(Homer Baxter),</marc:subfield><marc:subfield code="d">1829-1918,</marc:subfield><marc:subfield code="e">editor.</marc:subfield></marc:datafield><marc:datafield tag="907" ind1=" " ind2=" "><marc:subfield code="a">b1705584</marc:subfield></marc:datafield><marc:datafield tag="919" ind1=" " ind2=" "><marc:subfield code="t">Macbeth Is</marc:subfield></marc:datafield><marc:datafield tag="999" ind1="9" ind2="1"><marc:subfield code="i">i2444269</marc:subfield><marc:subfield code="l">ddda</marc:subfield><marc:subfield code="s">-</marc:subfield><marc:subfield code="t">0</marc:subfield><marc:subfield code="c">1</marc:subfield><marc:subfield code="o">1</marc:subfield><marc:subfield code="b">00008357048</marc:subfield><marc:subfield code="p">090##</marc:subfield><marc:subfield code="q">|aPR2823.A2 S6 1889a</marc:subfield></marc:datafield><marc:datafield tag="999" ind1="0" ind2="0"><marc:subfield code="a">2004-10-01 00:00:00-04</marc:subfield><marc:subfield code="c">2004-09-30 09:05:38-04</marc:subfield><marc:subfield code="u">2018-01-15 13:28:43-05</marc:subfield></marc:datafield></marc:record>