
<marc:record><marc:leader>01082cam a2200277I  4500</marc:leader>
<marc:controlfield tag="008">901215s1909    fr a          000 d fre  </marc:controlfield>
<marc:controlfield tag="001">7509878</marc:controlfield><marc:controlfield tag="005">19901215000000.0</marc:controlfield><marc:datafield tag="010" ind1=" " ind2=" "><marc:subfield code="a">21011236</marc:subfield></marc:datafield><marc:datafield tag="040" ind1=" " ind2=" "><marc:subfield code="a">DLC</marc:subfield><marc:subfield code="c">SER</marc:subfield><marc:subfield code="d">SER</marc:subfield><marc:subfield code="d">m/c</marc:subfield></marc:datafield><marc:datafield tag="041" ind1="1" ind2=" "><marc:subfield code="a">fre</marc:subfield><marc:subfield code="h">eng</marc:subfield></marc:datafield><marc:datafield tag="050" ind1="0" ind2=" "><marc:subfield code="a">PR2779.M3</marc:subfield><marc:subfield code="b">M3 1909</marc:subfield></marc:datafield><marc:datafield tag="100" ind1="1" ind2=" "><marc:subfield code="a">Shakespeare, William,</marc:subfield><marc:subfield code="d">1564-1616.</marc:subfield></marc:datafield><marc:datafield tag="245" ind1="1" ind2="0"><marc:subfield code="a">Macbeth,</marc:subfield><marc:subfield code="c">par W. Shakespeare; traduction nouvelle de Maurice Mæterlinck ...</marc:subfield></marc:datafield><marc:datafield tag="260" ind1=" " ind2=" "><marc:subfield code="a">[Paris,</marc:subfield><marc:subfield code="b">Impr. de L'Illustration]</marc:subfield><marc:subfield code="c">c1909.</marc:subfield></marc:datafield><marc:datafield tag="300" ind1=" " ind2=" "><marc:subfield code="a">23, [1] p.</marc:subfield><marc:subfield code="b">illus.</marc:subfield><marc:subfield code="c">29 cm.</marc:subfield></marc:datafield><marc:datafield tag="500" ind1=" " ind2=" "><marc:subfield code="a">Title vignettes (portraits)</marc:subfield></marc:datafield><marc:datafield tag="500" ind1=" " ind2=" "><marc:subfield code="a">The inside of the covers contains: Macbet, à l'Abbaye de Saint-Wandrille (signed: Gaston Sorbets)</marc:subfield></marc:datafield><marc:datafield tag="610" ind1="2" ind2="0"><marc:subfield code="a">Abbaye de Saint-Wandrille.</marc:subfield></marc:datafield><marc:datafield tag="700" ind1="1" ind2=" "><marc:subfield code="a">Maeterlinck, Maurice,</marc:subfield><marc:subfield code="d">1862-1949,</marc:subfield><marc:subfield code="e">translator.</marc:subfield></marc:datafield><marc:datafield tag="700" ind1="1" ind2=" "><marc:subfield code="a">Sorbets, Gaston,</marc:subfield><marc:subfield code="e">inscriber.</marc:subfield></marc:datafield><marc:datafield tag="830" ind1=" " ind2="0"><marc:subfield code="a">Illustration théâtrale ;</marc:subfield><marc:subfield code="v">no. 123.</marc:subfield></marc:datafield><marc:datafield tag="907" ind1=" " ind2=" "><marc:subfield code="a">b1765741</marc:subfield></marc:datafield><marc:datafield tag="919" ind1=" " ind2=" "><marc:subfield code="t">Macbeth Is</marc:subfield></marc:datafield><marc:datafield tag="999" ind1="9" ind2="1"><marc:subfield code="i">i2541261</marc:subfield><marc:subfield code="l">ddda</marc:subfield><marc:subfield code="s">-</marc:subfield><marc:subfield code="t">0</marc:subfield><marc:subfield code="c">1</marc:subfield><marc:subfield code="o">0</marc:subfield><marc:subfield code="b">HAJC-4380-00001</marc:subfield><marc:subfield code="p">090##</marc:subfield><marc:subfield code="q">|aPR2779.M3 M3 1909</marc:subfield></marc:datafield><marc:datafield tag="999" ind1="0" ind2="0"><marc:subfield code="a">2004-10-01 00:00:00-04</marc:subfield><marc:subfield code="c">2004-09-30 09:13:19-04</marc:subfield><marc:subfield code="u">2018-01-15 13:28:44-05</marc:subfield></marc:datafield></marc:record>