
<marc:record><marc:leader>01128cam a2200241Ii 4500</marc:leader>
<marc:controlfield tag="008">901027r19401623cau           000 0 eng  </marc:controlfield>
<marc:controlfield tag="001">9106823</marc:controlfield><marc:controlfield tag="005">19910423202007.3</marc:controlfield><marc:datafield tag="010" ind1=" " ind2=" "><marc:subfield code="a">40028727</marc:subfield></marc:datafield><marc:datafield tag="040" ind1=" " ind2=" "><marc:subfield code="a">DLC</marc:subfield><marc:subfield code="c">OUN</marc:subfield><marc:subfield code="d">m/c</marc:subfield><marc:subfield code="d">SER</marc:subfield></marc:datafield><marc:datafield tag="050" ind1="0" ind2=" "><marc:subfield code="a">PR2751</marc:subfield><marc:subfield code="b">.A15 1940</marc:subfield></marc:datafield><marc:datafield tag="100" ind1="1" ind2=" "><marc:subfield code="a">Shakespeare, William,</marc:subfield><marc:subfield code="d">1564-1616.</marc:subfield></marc:datafield><marc:datafield tag="245" ind1="1" ind2="0"><marc:subfield code="a">Facsimile reproduction of First folio, 1623 :</marc:subfield><marc:subfield code="b">Twelfe night, Macbeth, Antonie and Cleopatra /</marc:subfield><marc:subfield code="c">Prepared by the personnel of the Work projects administration, Project no. 655-08-3-236. A. Yedidia, supervisor. P. Radin, editor. This publication is sponsored by the California State library.</marc:subfield></marc:datafield><marc:datafield tag="260" ind1=" " ind2=" "><marc:subfield code="a">San Francisco,</marc:subfield><marc:subfield code="c">1940.</marc:subfield></marc:datafield><marc:datafield tag="300" ind1=" " ind2=" "><marc:subfield code="a">255-275, 131-151, 341-368 p. ;</marc:subfield><marc:subfield code="c">27 cm.</marc:subfield></marc:datafield><marc:datafield tag="500" ind1=" " ind2=" "><marc:subfield code="a">Printed on one side of leaf only.</marc:subfield></marc:datafield><marc:datafield tag="710" ind1="2" ind2=" "><marc:subfield code="a">Sutro Library.</marc:subfield></marc:datafield><marc:datafield tag="710" ind1="1" ind2=" "><marc:subfield code="a">United States.</marc:subfield><marc:subfield code="b">Work Projects Administration (Calif.)</marc:subfield></marc:datafield><marc:datafield tag="710" ind1="1" ind2=" "><marc:subfield code="a">United States.</marc:subfield><marc:subfield code="b">National Youth Administration.</marc:subfield><marc:subfield code="b">State of California.</marc:subfield></marc:datafield><marc:datafield tag="907" ind1=" " ind2=" "><marc:subfield code="a">b1865983</marc:subfield></marc:datafield><marc:datafield tag="919" ind1=" " ind2=" "><marc:subfield code="t">Macbeth Is</marc:subfield></marc:datafield><marc:datafield tag="999" ind1="9" ind2="1"><marc:subfield code="i">i2698615</marc:subfield><marc:subfield code="l">ddda</marc:subfield><marc:subfield code="s">-</marc:subfield><marc:subfield code="t">0</marc:subfield><marc:subfield code="c">1</marc:subfield><marc:subfield code="o">1</marc:subfield><marc:subfield code="b">10001945709</marc:subfield><marc:subfield code="p">090##</marc:subfield><marc:subfield code="q">|aPR2751 .A15 1940</marc:subfield></marc:datafield><marc:datafield tag="999" ind1="0" ind2="0"><marc:subfield code="a">2004-10-01 00:00:00-04</marc:subfield><marc:subfield code="c">2004-09-30 09:29:47-04</marc:subfield><marc:subfield code="u">2014-04-13 15:00:39-04</marc:subfield></marc:datafield></marc:record>