
<marc:record><marc:leader>01358cam a2200301Ia 4500</marc:leader>
<marc:controlfield tag="008">851025s1906    sp            000 0 spa d</marc:controlfield>
<marc:controlfield tag="001">12716547</marc:controlfield><marc:controlfield tag="005">19851025000000.0</marc:controlfield><marc:datafield tag="040" ind1=" " ind2=" "><marc:subfield code="a">NOC</marc:subfield><marc:subfield code="c">NOC</marc:subfield></marc:datafield><marc:datafield tag="041" ind1="1" ind2=" "><marc:subfield code="a">spa</marc:subfield><marc:subfield code="h">eng</marc:subfield></marc:datafield><marc:datafield tag="100" ind1="1" ind2=" "><marc:subfield code="a">Shakespeare, William,</marc:subfield><marc:subfield code="d">1564-1616.</marc:subfield></marc:datafield><marc:datafield tag="240" ind1="1" ind2="0"><marc:subfield code="a">Macbeth.</marc:subfield><marc:subfield code="l">Spanish</marc:subfield></marc:datafield><marc:datafield tag="245" ind1="1" ind2="0"><marc:subfield code="a">Macbeth :</marc:subfield><marc:subfield code="b">drama trágico /</marc:subfield><marc:subfield code="c">de W. Shakespeare ; adaptación española en cuatro actos y en prosa por Luis París y E. López-Marín.</marc:subfield></marc:datafield><marc:datafield tag="260" ind1=" " ind2=" "><marc:subfield code="a">Madrid :</marc:subfield><marc:subfield code="b">R. Velasco [impresor],</marc:subfield><marc:subfield code="c">1906.</marc:subfield></marc:datafield><marc:datafield tag="300" ind1=" " ind2=" "><marc:subfield code="a">48 p. ;</marc:subfield><marc:subfield code="c">20 cm.</marc:subfield></marc:datafield><marc:datafield tag="500" ind1=" " ind2=" "><marc:subfield code="a">Imprint on cover: Madrid : Sociedad de Autores Españoles, 1906.</marc:subfield></marc:datafield><marc:datafield tag="500" ind1=" " ind2=" "><marc:subfield code="a">No. 8, in vol. 415 with binder's title: Teatro Español : serie A.</marc:subfield></marc:datafield><marc:datafield tag="530" ind1=" " ind2=" "><marc:subfield code="a">Also available via the World Wide Web.</marc:subfield></marc:datafield><marc:datafield tag="700" ind1="1" ind2=" "><marc:subfield code="a">París, Luis,</marc:subfield><marc:subfield code="e">translator.</marc:subfield></marc:datafield><marc:datafield tag="700" ind1="1" ind2=" "><marc:subfield code="a">López Marín, Enrique,</marc:subfield><marc:subfield code="d">1866-1919,</marc:subfield><marc:subfield code="e">translator.</marc:subfield></marc:datafield><marc:datafield tag="856" ind1="4" ind2="1"><marc:subfield code="3">v. 415, no. 8</marc:subfield><marc:subfield code="u">https://archive.org/details/macbethdramatrag4158shak</marc:subfield><marc:subfield code="y">Full text available via the UNC-Chapel Hill Libraries</marc:subfield></marc:datafield><marc:datafield tag="907" ind1=" " ind2=" "><marc:subfield code="a">b2069922</marc:subfield></marc:datafield><marc:datafield tag="919" ind1=" " ind2=" "><marc:subfield code="t">Macbeth Is</marc:subfield></marc:datafield><marc:datafield tag="999" ind1="9" ind2="1"><marc:subfield code="i">i2989283</marc:subfield><marc:subfield code="l">wcda</marc:subfield><marc:subfield code="s">o</marc:subfield><marc:subfield code="t">0</marc:subfield><marc:subfield code="c">1</marc:subfield><marc:subfield code="o">0</marc:subfield><marc:subfield code="b">HAKK-2957-00001</marc:subfield><marc:subfield code="p">090##</marc:subfield><marc:subfield code="q">|aPQ6217 .T44 v. 415, no. 8</marc:subfield></marc:datafield><marc:datafield tag="999" ind1="9" ind2="2"><marc:subfield code="a">c2305536</marc:subfield><marc:subfield code="b">wcda</marc:subfield><marc:subfield code="c">0</marc:subfield></marc:datafield><marc:datafield tag="999" ind1="9" ind2="3"><marc:subfield code="0">c2305536</marc:subfield><marc:subfield code="2">852</marc:subfield><marc:subfield code="3">c</marc:subfield><marc:subfield code="b">572211</marc:subfield><marc:subfield code="h">PQ6217</marc:subfield><marc:subfield code="i">.T44 v. 415, no. 8</marc:subfield></marc:datafield><marc:datafield tag="999" ind1="9" ind2="3"><marc:subfield code="0">c2305536</marc:subfield><marc:subfield code="2">852</marc:subfield><marc:subfield code="3">e</marc:subfield><marc:subfield code="p">HAKK-2957-00001</marc:subfield><marc:subfield code="t">1</marc:subfield></marc:datafield><marc:datafield tag="999" ind1="0" ind2="0"><marc:subfield code="a">2004-10-01 00:00:00-04</marc:subfield><marc:subfield code="c">2004-10-01 08:37:33-04</marc:subfield><marc:subfield code="u">2018-01-18 12:28:06-05</marc:subfield></marc:datafield></marc:record>