
<marc:record><marc:leader>01157cam a2200277Ia 4500</marc:leader>
<marc:controlfield tag="008">860813s1816    enkaf         000 0 engm </marc:controlfield>
<marc:controlfield tag="001">14083032</marc:controlfield><marc:controlfield tag="005">19860813000000.0</marc:controlfield><marc:datafield tag="010" ind1=" " ind2=" "><marc:subfield code="a">31029857</marc:subfield></marc:datafield><marc:datafield tag="040" ind1=" " ind2=" "><marc:subfield code="a">DLC</marc:subfield><marc:subfield code="c">NOC</marc:subfield><marc:subfield code="d">NOC</marc:subfield></marc:datafield><marc:datafield tag="050" ind1="0" ind2=" "><marc:subfield code="a">PR1243</marc:subfield><marc:subfield code="b">.I4 vol. 4</marc:subfield></marc:datafield><marc:datafield tag="082" ind1=" " ind2="0"><marc:subfield code="a">822.33</marc:subfield></marc:datafield><marc:datafield tag="100" ind1="1" ind2=" "><marc:subfield code="a">Shakespeare, William,</marc:subfield><marc:subfield code="d">1564-1616.</marc:subfield></marc:datafield><marc:datafield tag="245" ind1="1" ind2="0"><marc:subfield code="a">Macbeth :</marc:subfield><marc:subfield code="b">a tragedy in five acts /</marc:subfield><marc:subfield code="c">by William Shakespeare ... ; with remarks by Mrs. Inchbald.</marc:subfield></marc:datafield><marc:datafield tag="260" ind1=" " ind2=" "><marc:subfield code="a">London :</marc:subfield><marc:subfield code="b">Printed for Longman, Hurst, Rees, Orme and Brown,</marc:subfield><marc:subfield code="c">[1816?]</marc:subfield><marc:subfield code="e">(Edinburgh :</marc:subfield><marc:subfield code="f">James Ballantyne)</marc:subfield></marc:datafield><marc:datafield tag="300" ind1=" " ind2=" "><marc:subfield code="a">72 p., [1] leaf of plates :</marc:subfield><marc:subfield code="b">ill. ;</marc:subfield><marc:subfield code="c">16 cm.</marc:subfield></marc:datafield><marc:datafield tag="500" ind1=" " ind2=" "><marc:subfield code="a">&quot;As performed at the Theatres Royal, Drury Lane and Covent Garden ... &quot;</marc:subfield></marc:datafield><marc:datafield tag="700" ind1="1" ind2=" "><marc:subfield code="a">Inchbald,</marc:subfield><marc:subfield code="c">Mrs.,</marc:subfield><marc:subfield code="d">1753-1821,</marc:subfield><marc:subfield code="e">commentator for written text.</marc:subfield></marc:datafield><marc:datafield tag="830" ind1=" " ind2="0"><marc:subfield code="a">British theatre ;</marc:subfield><marc:subfield code="v">v. 4.</marc:subfield></marc:datafield><marc:datafield tag="907" ind1=" " ind2=" "><marc:subfield code="a">b2135849</marc:subfield></marc:datafield><marc:datafield tag="919" ind1=" " ind2=" "><marc:subfield code="t">Macbeth Is</marc:subfield></marc:datafield><marc:datafield tag="999" ind1="9" ind2="1"><marc:subfield code="i">i3084037</marc:subfield><marc:subfield code="l">wcda</marc:subfield><marc:subfield code="s">o</marc:subfield><marc:subfield code="t">0</marc:subfield><marc:subfield code="c">1</marc:subfield><marc:subfield code="o">0</marc:subfield><marc:subfield code="b">HAKR-4547-00001</marc:subfield><marc:subfield code="p">090##</marc:subfield><marc:subfield code="q">|aPR1243 .I4 v.4</marc:subfield></marc:datafield><marc:datafield tag="999" ind1="9" ind2="2"><marc:subfield code="a">c2363999</marc:subfield><marc:subfield code="b">wcda</marc:subfield><marc:subfield code="c">0</marc:subfield></marc:datafield><marc:datafield tag="999" ind1="9" ind2="3"><marc:subfield code="0">c2363999</marc:subfield><marc:subfield code="2">852</marc:subfield><marc:subfield code="3">c</marc:subfield><marc:subfield code="b">572211</marc:subfield><marc:subfield code="h">PR1243</marc:subfield><marc:subfield code="i">.I4 v.4</marc:subfield></marc:datafield><marc:datafield tag="999" ind1="9" ind2="3"><marc:subfield code="0">c2363999</marc:subfield><marc:subfield code="2">852</marc:subfield><marc:subfield code="3">e</marc:subfield><marc:subfield code="p">HAKR-4547-00001</marc:subfield><marc:subfield code="t">1</marc:subfield></marc:datafield><marc:datafield tag="999" ind1="0" ind2="0"><marc:subfield code="a">2004-10-01 00:00:00-04</marc:subfield><marc:subfield code="c">2004-10-01 08:57:39-04</marc:subfield><marc:subfield code="u">2018-01-15 13:28:53-05</marc:subfield></marc:datafield></marc:record>