
<marc:record><marc:leader>01263cam a2200277Ia 4500</marc:leader>
<marc:controlfield tag="008">901215s1908    maua     b    001 0 eng d</marc:controlfield>
<marc:controlfield tag="001">18854285</marc:controlfield><marc:controlfield tag="005">19901215000000.0</marc:controlfield><marc:datafield tag="040" ind1=" " ind2=" "><marc:subfield code="a">MUU</marc:subfield><marc:subfield code="c">MUU</marc:subfield></marc:datafield><marc:datafield tag="100" ind1="1" ind2=" "><marc:subfield code="a">Shakespeare, William,</marc:subfield><marc:subfield code="d">1564-1616.</marc:subfield></marc:datafield><marc:datafield tag="240" ind1="1" ind2="0"><marc:subfield code="a">Macbeth</marc:subfield></marc:datafield><marc:datafield tag="245" ind1="1" ind2="4"><marc:subfield code="a">The tragedy of Macbeth /</marc:subfield><marc:subfield code="c">introduction and notes by Henry Norman Hudson ; edited and revised by Ebenezer Charlton Black, with the coöperation of Andrew Jackson George.</marc:subfield></marc:datafield><marc:datafield tag="250" ind1=" " ind2=" "><marc:subfield code="a">School ed.</marc:subfield></marc:datafield><marc:datafield tag="260" ind1=" " ind2=" "><marc:subfield code="a">Boston :</marc:subfield><marc:subfield code="b">Ginn and company,</marc:subfield><marc:subfield code="c">c1908.</marc:subfield></marc:datafield><marc:datafield tag="300" ind1=" " ind2=" "><marc:subfield code="a">lxv, 159 p. :</marc:subfield><marc:subfield code="b">ill. ;</marc:subfield><marc:subfield code="c">18 cm.</marc:subfield></marc:datafield><marc:datafield tag="504" ind1=" " ind2=" "><marc:subfield code="a">Includes bibliographical references and index.</marc:subfield></marc:datafield><marc:datafield tag="530" ind1=" " ind2=" "><marc:subfield code="a">Also available via the World Wide Web.</marc:subfield></marc:datafield><marc:datafield tag="700" ind1="1" ind2=" "><marc:subfield code="a">Hudson, Henry Norman,</marc:subfield><marc:subfield code="d">1814-1886.</marc:subfield><marc:subfield code="4">aui</marc:subfield><marc:subfield code="4">cwt</marc:subfield></marc:datafield><marc:datafield tag="700" ind1="1" ind2=" "><marc:subfield code="a">Black, Ebenezer Charlton,</marc:subfield><marc:subfield code="d">1861-1927.</marc:subfield><marc:subfield code="4">edt</marc:subfield></marc:datafield><marc:datafield tag="700" ind1="1" ind2=" "><marc:subfield code="a">George, Andrew Jackson,</marc:subfield><marc:subfield code="d">1855-1907.</marc:subfield><marc:subfield code="4">ctb</marc:subfield></marc:datafield><marc:datafield tag="800" ind1="1" ind2=" "><marc:subfield code="a">Shakespeare, William,</marc:subfield><marc:subfield code="d">1564-1616.</marc:subfield><marc:subfield code="t">Works.</marc:subfield><marc:subfield code="f">1906.</marc:subfield><marc:subfield code="s">Ginn and Company.</marc:subfield></marc:datafield><marc:datafield tag="856" ind1="4" ind2="1"><marc:subfield code="u">https://archive.org/details/tragedyofmacbethshak</marc:subfield><marc:subfield code="y">Full text available via the UNC-Chapel Hill Libraries</marc:subfield></marc:datafield><marc:datafield tag="907" ind1=" " ind2=" "><marc:subfield code="a">b2278308</marc:subfield></marc:datafield><marc:datafield tag="919" ind1=" " ind2=" "><marc:subfield code="t">Macbeth Is</marc:subfield></marc:datafield><marc:datafield tag="999" ind1="9" ind2="1"><marc:subfield code="i">i3279458</marc:subfield><marc:subfield code="l">trbrs</marc:subfield><marc:subfield code="s">o</marc:subfield><marc:subfield code="t">1</marc:subfield><marc:subfield code="c">10</marc:subfield><marc:subfield code="o">11</marc:subfield><marc:subfield code="b">10000669732</marc:subfield><marc:subfield code="p">090##</marc:subfield><marc:subfield code="q">|aPR2823.A2|bH8 1908</marc:subfield></marc:datafield><marc:datafield tag="999" ind1="0" ind2="0"><marc:subfield code="a">2004-10-01 00:00:00-04</marc:subfield><marc:subfield code="c">2004-10-01 09:15:00-04</marc:subfield><marc:subfield code="u">2018-01-18 12:28:06-05</marc:subfield></marc:datafield></marc:record>