
<marc:record><marc:leader>01009cam a2200277I  4500</marc:leader>
<marc:controlfield tag="008">780111s1936    maua          000 0 eng  </marc:controlfield>
<marc:controlfield tag="001">3551473</marc:controlfield><marc:controlfield tag="005">19950328140326.0</marc:controlfield><marc:datafield tag="010" ind1=" " ind2=" "><marc:subfield code="a">36017092</marc:subfield></marc:datafield><marc:datafield tag="040" ind1=" " ind2=" "><marc:subfield code="a">DLC</marc:subfield><marc:subfield code="c">GAT</marc:subfield><marc:subfield code="d">OCL</marc:subfield></marc:datafield><marc:datafield tag="050" ind1="0" ind2=" "><marc:subfield code="a">PR2823.A2</marc:subfield><marc:subfield code="b">T33</marc:subfield></marc:datafield><marc:datafield tag="082" ind1=" " ind2=" "><marc:subfield code="a">822.33</marc:subfield></marc:datafield><marc:datafield tag="100" ind1="1" ind2=" "><marc:subfield code="a">Shakespeare, William,</marc:subfield><marc:subfield code="d">1564-1616.</marc:subfield></marc:datafield><marc:datafield tag="240" ind1="1" ind2="0"><marc:subfield code="a">Macbeth</marc:subfield></marc:datafield><marc:datafield tag="245" ind1="1" ind2="0"><marc:subfield code="a">Shakespeare's Macbeth.</marc:subfield></marc:datafield><marc:datafield tag="250" ind1=" " ind2=" "><marc:subfield code="a">Interlinear edition</marc:subfield><marc:subfield code="b">prepared by George Coffin Taylor and Reed Smith.</marc:subfield></marc:datafield><marc:datafield tag="260" ind1=" " ind2=" "><marc:subfield code="a">Boston,</marc:subfield><marc:subfield code="b">Ginn</marc:subfield><marc:subfield code="c">[c1936]</marc:subfield></marc:datafield><marc:datafield tag="300" ind1=" " ind2=" "><marc:subfield code="a">xlvii, 144 p.</marc:subfield><marc:subfield code="b">illus.</marc:subfield><marc:subfield code="c">18 cm.</marc:subfield></marc:datafield><marc:datafield tag="700" ind1="1" ind2=" "><marc:subfield code="a">Taylor, George Coffin,</marc:subfield><marc:subfield code="d">1877-1961,</marc:subfield><marc:subfield code="e">editor.</marc:subfield></marc:datafield><marc:datafield tag="700" ind1="1" ind2=" "><marc:subfield code="a">Smith, Reed,</marc:subfield><marc:subfield code="d">1881-1943,</marc:subfield><marc:subfield code="e">editor.</marc:subfield></marc:datafield><marc:datafield tag="907" ind1=" " ind2=" "><marc:subfield code="a">b2691326</marc:subfield></marc:datafield><marc:datafield tag="919" ind1=" " ind2=" "><marc:subfield code="t">Macbeth Is</marc:subfield></marc:datafield><marc:datafield tag="999" ind1="9" ind2="1"><marc:subfield code="i">i3872773</marc:subfield><marc:subfield code="l">trln</marc:subfield><marc:subfield code="s">-</marc:subfield><marc:subfield code="t">0</marc:subfield><marc:subfield code="c">4</marc:subfield><marc:subfield code="o">1</marc:subfield><marc:subfield code="b">10002448638</marc:subfield><marc:subfield code="p">092##</marc:subfield><marc:subfield code="q">|a822.1 T24m</marc:subfield></marc:datafield><marc:datafield tag="999" ind1="9" ind2="1"><marc:subfield code="i">i3872774</marc:subfield><marc:subfield code="l">dnda</marc:subfield><marc:subfield code="s">m</marc:subfield><marc:subfield code="t">0</marc:subfield><marc:subfield code="c">5</marc:subfield><marc:subfield code="o">0</marc:subfield><marc:subfield code="b">HANZ-1723-00002</marc:subfield><marc:subfield code="p">092##</marc:subfield><marc:subfield code="q">|a822.1 T24m</marc:subfield></marc:datafield><marc:datafield tag="999" ind1="9" ind2="1"><marc:subfield code="i">i3872775</marc:subfield><marc:subfield code="l">dnda</marc:subfield><marc:subfield code="s">m</marc:subfield><marc:subfield code="t">0</marc:subfield><marc:subfield code="c">6</marc:subfield><marc:subfield code="o">0</marc:subfield><marc:subfield code="b">HANZ-1723-00003</marc:subfield><marc:subfield code="p">092##</marc:subfield><marc:subfield code="q">|a822.1 T24m</marc:subfield></marc:datafield><marc:datafield tag="999" ind1="0" ind2="0"><marc:subfield code="a">2004-10-01 00:00:00-04</marc:subfield><marc:subfield code="c">2004-10-02 10:59:43-04</marc:subfield><marc:subfield code="u">2018-01-15 13:29:08-05</marc:subfield></marc:datafield></marc:record>