
<marc:record><marc:leader>00681cam a2200181Ia 4500</marc:leader>
<marc:controlfield tag="008">900328s1897    fr            000 0 fre d</marc:controlfield>
<marc:controlfield tag="001">21276321</marc:controlfield><marc:controlfield tag="005">19950328140448.0</marc:controlfield><marc:datafield tag="040" ind1=" " ind2=" "><marc:subfield code="a">CHE</marc:subfield><marc:subfield code="c">CHE</marc:subfield></marc:datafield><marc:datafield tag="100" ind1="1" ind2=" "><marc:subfield code="a">Shakespeare, William,</marc:subfield><marc:subfield code="d">1564-1616.</marc:subfield></marc:datafield><marc:datafield tag="245" ind1="1" ind2="0"><marc:subfield code="a">Macbeth (1606) /</marc:subfield><marc:subfield code="c">William Shakespeare ; texte critique avec la traduction en regard par Alexandre Beljame...</marc:subfield></marc:datafield><marc:datafield tag="260" ind1=" " ind2=" "><marc:subfield code="a">Paris :</marc:subfield><marc:subfield code="b">Hachette,</marc:subfield><marc:subfield code="c">1897.</marc:subfield></marc:datafield><marc:datafield tag="300" ind1=" " ind2=" "><marc:subfield code="a">xvi, 238 p. ;</marc:subfield><marc:subfield code="c">23 cm.</marc:subfield></marc:datafield><marc:datafield tag="700" ind1="1" ind2=" "><marc:subfield code="a">Beljame, A.</marc:subfield><marc:subfield code="q">(Alexandre),</marc:subfield><marc:subfield code="d">1843?-1906.</marc:subfield></marc:datafield><marc:datafield tag="907" ind1=" " ind2=" "><marc:subfield code="a">b2691406</marc:subfield></marc:datafield><marc:datafield tag="919" ind1=" " ind2=" "><marc:subfield code="t">Macbeth Is</marc:subfield></marc:datafield><marc:datafield tag="999" ind1="9" ind2="1"><marc:subfield code="i">i3872878</marc:subfield><marc:subfield code="l">trln</marc:subfield><marc:subfield code="s">-</marc:subfield><marc:subfield code="t">0</marc:subfield><marc:subfield code="c">1</marc:subfield><marc:subfield code="o">0</marc:subfield><marc:subfield code="b">00027809827</marc:subfield><marc:subfield code="p">092##</marc:subfield><marc:subfield code="q">|a822.12 MaxB</marc:subfield></marc:datafield><marc:datafield tag="999" ind1="0" ind2="0"><marc:subfield code="a">2004-10-01 00:00:00-04</marc:subfield><marc:subfield code="c">2004-10-02 10:59:44-04</marc:subfield><marc:subfield code="u">2013-10-07 12:39:45-04</marc:subfield></marc:datafield></marc:record>