
<marc:record><marc:leader>01376cam a2200313Ia 4500</marc:leader>
<marc:controlfield tag="007">hg aob---b|||</marc:controlfield>
<marc:controlfield tag="008">830729s1753    stk     c     000 d eng d</marc:controlfield><marc:controlfield tag="001">9755558</marc:controlfield><marc:controlfield tag="005">19960229152646.0</marc:controlfield><marc:datafield tag="035" ind1=" " ind2=" "><marc:subfield code="a">2C</marc:subfield></marc:datafield><marc:datafield tag="040" ind1=" " ind2=" "><marc:subfield code="a">TCR</marc:subfield><marc:subfield code="c">TCR</marc:subfield></marc:datafield><marc:datafield tag="100" ind1="1" ind2=" "><marc:subfield code="a">Shakespeare, William,</marc:subfield><marc:subfield code="d">1564-1616.</marc:subfield></marc:datafield><marc:datafield tag="240" ind1="0" ind2="0"><marc:subfield code="a">Macbeth</marc:subfield></marc:datafield><marc:datafield tag="245" ind1="1" ind2="4"><marc:subfield code="a">The historical tragedy of Macbeth</marc:subfield><marc:subfield code="h">[microform] /</marc:subfield><marc:subfield code="c">written originally by Shakespear ; newly adapted to the stage, with alterations.</marc:subfield></marc:datafield><marc:datafield tag="260" ind1=" " ind2=" "><marc:subfield code="a">Edinburgh :</marc:subfield><marc:subfield code="b">Printed by W. Cheyne,</marc:subfield><marc:subfield code="c">1753.</marc:subfield></marc:datafield><marc:datafield tag="300" ind1=" " ind2=" "><marc:subfield code="a">[3], 88 p.</marc:subfield></marc:datafield><marc:datafield tag="500" ind1=" " ind2=" "><marc:subfield code="a">Alterations by John Lee; cf. Nicoll, A.  A hist. of Eng. drama, 1660-1900, 1952: v. 3, p. 57, 280.</marc:subfield></marc:datafield><marc:datafield tag="500" ind1=" " ind2=" "><marc:subfield code="a">Acting copy.</marc:subfield></marc:datafield><marc:datafield tag="500" ind1=" " ind2=" "><marc:subfield code="a">&quot;As performed at the theatre in Edinburgh.&quot;</marc:subfield></marc:datafield><marc:datafield tag="500" ind1=" " ind2=" "><marc:subfield code="a">Errata on p. 88.</marc:subfield></marc:datafield><marc:datafield tag="533" ind1=" " ind2=" "><marc:subfield code="a">Microopaque.</marc:subfield><marc:subfield code="b">New York :</marc:subfield><marc:subfield code="c">Readex Microprint,</marc:subfield><marc:subfield code="d">1954.</marc:subfield><marc:subfield code="e">1 microopaque ; 23 x 15 cm.</marc:subfield><marc:subfield code="f">(Three centuries of drama.  English, 1751-1800) (Three centuries of English and American plays, 1500-1830)</marc:subfield></marc:datafield><marc:datafield tag="539" ind1=" " ind2=" "><marc:subfield code="a">s</marc:subfield><marc:subfield code="b">1954</marc:subfield><marc:subfield code="d">nyu</marc:subfield><marc:subfield code="e">n</marc:subfield></marc:datafield><marc:datafield tag="700" ind1="1" ind2=" "><marc:subfield code="a">Lee, John,</marc:subfield><marc:subfield code="d">-1781,</marc:subfield><marc:subfield code="e">adapter.</marc:subfield></marc:datafield><marc:datafield tag="830" ind1=" " ind2="0"><marc:subfield code="a">Three centuries of drama.</marc:subfield><marc:subfield code="p">English, 1751-1800.</marc:subfield></marc:datafield><marc:datafield tag="830" ind1=" " ind2="0"><marc:subfield code="a">Three centuries of English and American plays, 1500-1830.</marc:subfield></marc:datafield><marc:datafield tag="907" ind1=" " ind2=" "><marc:subfield code="a">b2817791</marc:subfield></marc:datafield><marc:datafield tag="919" ind1=" " ind2=" "><marc:subfield code="t">Macbeth Is</marc:subfield></marc:datafield><marc:datafield tag="999" ind1="9" ind2="1"><marc:subfield code="i">i4046234</marc:subfield><marc:subfield code="l">dgdaf</marc:subfield><marc:subfield code="s">-</marc:subfield><marc:subfield code="t">26</marc:subfield><marc:subfield code="c">1</marc:subfield><marc:subfield code="o">0</marc:subfield><marc:subfield code="b">HAPB-1088-00001</marc:subfield><marc:subfield code="p">099#9</marc:subfield><marc:subfield code="q">|a1-10</marc:subfield></marc:datafield><marc:datafield tag="999" ind1="0" ind2="0"><marc:subfield code="a">2004-10-01 00:00:00-04</marc:subfield><marc:subfield code="c">2004-10-03 07:44:30-04</marc:subfield><marc:subfield code="u">2018-01-15 13:29:10-05</marc:subfield></marc:datafield></marc:record>