
<marc:record><marc:leader>01512cam a2200313Ia 4500</marc:leader>
<marc:controlfield tag="007">hg aob---b|||</marc:controlfield>
<marc:controlfield tag="008">820519s1866    nyu     c     000 0 eng d</marc:controlfield><marc:controlfield tag="001">8440567</marc:controlfield><marc:controlfield tag="005">19960618161247.0</marc:controlfield><marc:datafield tag="035" ind1=" " ind2=" "><marc:subfield code="a">2C</marc:subfield></marc:datafield><marc:datafield tag="040" ind1=" " ind2=" "><marc:subfield code="a">EAD</marc:subfield><marc:subfield code="c">EAD</marc:subfield></marc:datafield><marc:datafield tag="041" ind1="1" ind2=" "><marc:subfield code="a">eng</marc:subfield><marc:subfield code="a">ita</marc:subfield><marc:subfield code="h">eng</marc:subfield></marc:datafield><marc:datafield tag="100" ind1="1" ind2=" "><marc:subfield code="a">Shakespeare, William,</marc:subfield><marc:subfield code="d">1564-1616.</marc:subfield></marc:datafield><marc:datafield tag="240" ind1="0" ind2="0"><marc:subfield code="a">Macbeth.</marc:subfield><marc:subfield code="l">English &amp; Italian</marc:subfield></marc:datafield><marc:datafield tag="245" ind1="1" ind2="0"><marc:subfield code="a">Shakspeare's tragedy of Macbeth</marc:subfield><marc:subfield code="h">[microform] /</marc:subfield><marc:subfield code="c">adapted expressly for Madame Ristori and her Italian dramatic company ; the Italian translation by Giulio Carcano.</marc:subfield></marc:datafield><marc:datafield tag="246" ind1="3" ind2=" "><marc:subfield code="a">Shakespeare's tragedy of Macbeth</marc:subfield></marc:datafield><marc:datafield tag="260" ind1=" " ind2=" "><marc:subfield code="a">New York :</marc:subfield><marc:subfield code="b">Sanford, Harroun,</marc:subfield><marc:subfield code="c">1866.</marc:subfield></marc:datafield><marc:datafield tag="300" ind1=" " ind2=" "><marc:subfield code="a">31 p.</marc:subfield></marc:datafield><marc:datafield tag="500" ind1=" " ind2=" "><marc:subfield code="a">English and Italian in parallel columns.</marc:subfield></marc:datafield><marc:datafield tag="500" ind1=" " ind2=" "><marc:subfield code="a">&quot;The argument of Signor Carcano's Italian adaptation of this tragedy so closely follows the original that ... in fact, the two pieces are, with the exception of excisions and a few trifling alterations, identical.&quot;</marc:subfield></marc:datafield><marc:datafield tag="533" ind1=" " ind2=" "><marc:subfield code="a">Microopaque.</marc:subfield><marc:subfield code="b">New York :</marc:subfield><marc:subfield code="c">Readex Microprint,</marc:subfield><marc:subfield code="d">1971.</marc:subfield><marc:subfield code="e">1 microopaque ; 23 x 15 cm.</marc:subfield><marc:subfield code="f">(English and American drama of the nineteenth century. American)</marc:subfield></marc:datafield><marc:datafield tag="539" ind1=" " ind2=" "><marc:subfield code="a">s</marc:subfield><marc:subfield code="b">1971</marc:subfield><marc:subfield code="d">nyu</marc:subfield><marc:subfield code="e">n</marc:subfield></marc:datafield><marc:datafield tag="700" ind1="1" ind2=" "><marc:subfield code="a">Carcano, Giulio,</marc:subfield><marc:subfield code="d">1812-1884,</marc:subfield><marc:subfield code="e">translator.</marc:subfield></marc:datafield><marc:datafield tag="776" ind1="1" ind2=" "><marc:subfield code="c">Original</marc:subfield><marc:subfield code="w">(DLC)21-11235</marc:subfield></marc:datafield><marc:datafield tag="830" ind1=" " ind2="0"><marc:subfield code="a">English and American drama of the nineteenth century.</marc:subfield><marc:subfield code="p">American.</marc:subfield></marc:datafield><marc:datafield tag="907" ind1=" " ind2=" "><marc:subfield code="a">b2864233</marc:subfield></marc:datafield><marc:datafield tag="919" ind1=" " ind2=" "><marc:subfield code="t">Macbeth Is</marc:subfield></marc:datafield><marc:datafield tag="999" ind1="9" ind2="1"><marc:subfield code="i">i4102171</marc:subfield><marc:subfield code="l">dgdaf</marc:subfield><marc:subfield code="s">-</marc:subfield><marc:subfield code="t">26</marc:subfield><marc:subfield code="c">1</marc:subfield><marc:subfield code="o">0</marc:subfield><marc:subfield code="b">HATD-9720-00001</marc:subfield><marc:subfield code="p">099#9</marc:subfield><marc:subfield code="q">|a1-4 American.</marc:subfield></marc:datafield><marc:datafield tag="999" ind1="0" ind2="0"><marc:subfield code="a">2004-10-01 00:00:00-04</marc:subfield><marc:subfield code="c">2004-10-03 07:48:38-04</marc:subfield><marc:subfield code="u">2018-01-15 13:29:11-05</marc:subfield></marc:datafield></marc:record>