
<marc:record><marc:leader>01120cam a2200253Li 4500</marc:leader>
<marc:controlfield tag="007">hgraob---bzcu</marc:controlfield>
<marc:controlfield tag="008">850614s1816    nyu     c     000 0 eng d</marc:controlfield><marc:controlfield tag="001">15460654</marc:controlfield><marc:controlfield tag="005">19960618135846.0</marc:controlfield><marc:datafield tag="040" ind1=" " ind2=" "><marc:subfield code="a">STF</marc:subfield><marc:subfield code="c">STF</marc:subfield></marc:datafield><marc:datafield tag="100" ind1="1" ind2=" "><marc:subfield code="a">Shakespeare, William,</marc:subfield><marc:subfield code="d">1564-1616.</marc:subfield></marc:datafield><marc:datafield tag="245" ind1="1" ind2="0"><marc:subfield code="a">Macbeth</marc:subfield><marc:subfield code="h">[microform] :</marc:subfield><marc:subfield code="b">a tragedy, in five acts : as altered and performed at the American theatres /</marc:subfield><marc:subfield code="c">by William Shakespeare.</marc:subfield></marc:datafield><marc:datafield tag="260" ind1=" " ind2=" "><marc:subfield code="a">New-York :</marc:subfield><marc:subfield code="b">David Longworth,</marc:subfield><marc:subfield code="c">1816.</marc:subfield></marc:datafield><marc:datafield tag="300" ind1=" " ind2=" "><marc:subfield code="a">58 p. ;</marc:subfield><marc:subfield code="c">16 cm.</marc:subfield></marc:datafield><marc:datafield tag="510" ind1="4" ind2=" "><marc:subfield code="a">Shaw &amp; Shoemaker,</marc:subfield><marc:subfield code="c">38923.</marc:subfield></marc:datafield><marc:datafield tag="533" ind1=" " ind2=" "><marc:subfield code="a">Microopaque.</marc:subfield><marc:subfield code="b">New York, N.Y. :</marc:subfield><marc:subfield code="c">Readex Microprint, courtesy of American Antiquarian Society,</marc:subfield><marc:subfield code="d">1981.</marc:subfield><marc:subfield code="e">1 microopaque ; 23 x 15 cm.</marc:subfield><marc:subfield code="f">(Early American imprints.  Second series ; no. 38923).</marc:subfield></marc:datafield><marc:datafield tag="539" ind1=" " ind2=" "><marc:subfield code="a">s</marc:subfield><marc:subfield code="b">1981</marc:subfield><marc:subfield code="d">nyu</marc:subfield><marc:subfield code="e">n</marc:subfield></marc:datafield><marc:datafield tag="700" ind1="1" ind2=" "><marc:subfield code="a">Croft, John,</marc:subfield><marc:subfield code="d">1732-1820.</marc:subfield></marc:datafield><marc:datafield tag="752" ind1=" " ind2=" "><marc:subfield code="a">United States</marc:subfield><marc:subfield code="b">New York</marc:subfield><marc:subfield code="d">New York.</marc:subfield></marc:datafield><marc:datafield tag="830" ind1=" " ind2="0"><marc:subfield code="a">Early American imprints.</marc:subfield><marc:subfield code="n">Second series ;</marc:subfield><marc:subfield code="v">no. 38923.</marc:subfield></marc:datafield><marc:datafield tag="907" ind1=" " ind2=" "><marc:subfield code="a">b2904217</marc:subfield></marc:datafield><marc:datafield tag="919" ind1=" " ind2=" "><marc:subfield code="t">Macbeth Is</marc:subfield></marc:datafield><marc:datafield tag="999" ind1="9" ind2="1"><marc:subfield code="i">i4142345</marc:subfield><marc:subfield code="l">dgdaf</marc:subfield><marc:subfield code="s">-</marc:subfield><marc:subfield code="t">26</marc:subfield><marc:subfield code="c">1</marc:subfield><marc:subfield code="o">0</marc:subfield><marc:subfield code="b">HATL-9850-00001</marc:subfield><marc:subfield code="p">099#9</marc:subfield><marc:subfield code="q">|a1-3 no. 38923.</marc:subfield></marc:datafield><marc:datafield tag="999" ind1="0" ind2="0"><marc:subfield code="a">2004-10-01 00:00:00-04</marc:subfield><marc:subfield code="c">2004-10-03 07:54:12-04</marc:subfield><marc:subfield code="u">2013-10-30 08:51:48-04</marc:subfield></marc:datafield></marc:record>