
<marc:record><marc:leader>01500cim a2200313Ia 4500</marc:leader>
<marc:controlfield tag="008">960509s1996    nyu  n         d    eng d</marc:controlfield>
<marc:controlfield tag="007">sdufungnn----d</marc:controlfield><marc:controlfield tag="001">34698626</marc:controlfield><marc:controlfield tag="005">19970709145150.0</marc:controlfield><marc:datafield tag="020" ind1=" " ind2=" "><marc:subfield code="a">0694515841</marc:subfield></marc:datafield><marc:datafield tag="028" ind1="0" ind2="2"><marc:subfield code="a">CD 231</marc:subfield><marc:subfield code="b">Caedmon Audio</marc:subfield></marc:datafield><marc:datafield tag="040" ind1=" " ind2=" "><marc:subfield code="a">GMU</marc:subfield><marc:subfield code="c">GMU</marc:subfield><marc:subfield code="d">NOC</marc:subfield></marc:datafield><marc:datafield tag="100" ind1="1" ind2=" "><marc:subfield code="a">Shakespeare, William,</marc:subfield><marc:subfield code="d">1564-1616.</marc:subfield></marc:datafield><marc:datafield tag="240" ind1="0" ind2="0"><marc:subfield code="a">Macbeth</marc:subfield></marc:datafield><marc:datafield tag="245" ind1="1" ind2="0"><marc:subfield code="a">Macbeth</marc:subfield><marc:subfield code="h">[sound recording] /</marc:subfield><marc:subfield code="c">William Shakespeare.</marc:subfield></marc:datafield><marc:datafield tag="260" ind1=" " ind2=" "><marc:subfield code="a">New York :</marc:subfield><marc:subfield code="b">Caedmon Audio,</marc:subfield><marc:subfield code="c">1996.</marc:subfield></marc:datafield><marc:datafield tag="300" ind1=" " ind2=" "><marc:subfield code="a">2 sound discs (ca 131 min.) :</marc:subfield><marc:subfield code="b">digital ;</marc:subfield><marc:subfield code="c">4 3/4 in.</marc:subfield></marc:datafield><marc:datafield tag="306" ind1=" " ind2=" "><marc:subfield code="a">021044</marc:subfield></marc:datafield><marc:datafield tag="500" ind1=" " ind2=" "><marc:subfield code="a">Compact disc.</marc:subfield></marc:datafield><marc:datafield tag="511" ind1="0" ind2=" "><marc:subfield code="a">Play, starring Anthony Quayle, Gwen Ffrangçon-Davies, Stanley Holloway ; Howard Sackler, director.</marc:subfield></marc:datafield><marc:datafield tag="518" ind1=" " ind2=" "><marc:subfield code="a">Recorded in 1960.</marc:subfield></marc:datafield><marc:datafield tag="700" ind1="1" ind2=" "><marc:subfield code="a">Quayle, Anthony,</marc:subfield><marc:subfield code="d">1913-1989.</marc:subfield></marc:datafield><marc:datafield tag="700" ind1="1" ind2=" "><marc:subfield code="a">Ffrangcon-Davies, Gwen,</marc:subfield><marc:subfield code="d">1891-1992.</marc:subfield></marc:datafield><marc:datafield tag="907" ind1=" " ind2=" "><marc:subfield code="a">b3013684</marc:subfield></marc:datafield><marc:datafield tag="919" ind1=" " ind2=" "><marc:subfield code="t">Macbeth Is</marc:subfield></marc:datafield><marc:datafield tag="999" ind1="9" ind2="1"><marc:subfield code="i">i4288326</marc:subfield><marc:subfield code="l">truls</marc:subfield><marc:subfield code="s">o</marc:subfield><marc:subfield code="t">49</marc:subfield><marc:subfield code="c">1</marc:subfield><marc:subfield code="o">0</marc:subfield><marc:subfield code="b">00010424686</marc:subfield><marc:subfield code="p">099#9</marc:subfield><marc:subfield code="q">|a65-CD1060</marc:subfield><marc:subfield code="v">Suppl.: &quot;text&quot;</marc:subfield><marc:subfield code="n">Ask at Media Resources Desk for assistance. Phone: (919)-962-2559. Email address: mrc@unc.edu</marc:subfield></marc:datafield><marc:datafield tag="999" ind1="9" ind2="1"><marc:subfield code="i">i4288327</marc:subfield><marc:subfield code="l">truls</marc:subfield><marc:subfield code="s">o</marc:subfield><marc:subfield code="t">49</marc:subfield><marc:subfield code="c">1</marc:subfield><marc:subfield code="o">33</marc:subfield><marc:subfield code="b">00010424472</marc:subfield><marc:subfield code="p">099#9</marc:subfield><marc:subfield code="q">|a65-CD1060</marc:subfield><marc:subfield code="v">disc1</marc:subfield><marc:subfield code="n">Ask at Media Resources Desk for assistance. Phone: (919)-962-2559. Email address: mrc@unc.edu</marc:subfield></marc:datafield><marc:datafield tag="999" ind1="9" ind2="1"><marc:subfield code="i">i4288328</marc:subfield><marc:subfield code="l">truls</marc:subfield><marc:subfield code="s">o</marc:subfield><marc:subfield code="t">49</marc:subfield><marc:subfield code="c">1</marc:subfield><marc:subfield code="o">24</marc:subfield><marc:subfield code="b">00010424882</marc:subfield><marc:subfield code="p">099#9</marc:subfield><marc:subfield code="q">|a65-CD1060</marc:subfield><marc:subfield code="v">disc2</marc:subfield><marc:subfield code="n">Ask at Media Resources Desk for assistance. Phone: (919)-962-2559. Email address: mrc@unc.edu</marc:subfield></marc:datafield><marc:datafield tag="999" ind1="0" ind2="0"><marc:subfield code="a">2004-10-01 00:00:00-04</marc:subfield><marc:subfield code="c">2004-10-04 09:33:27-04</marc:subfield><marc:subfield code="u">2014-05-22 06:07:32-04</marc:subfield></marc:datafield></marc:record>