
<marc:record><marc:leader>01158cam a2200289 a 4500</marc:leader>
<marc:controlfield tag="008">960528s1997    enka     b    000 0 eng  </marc:controlfield>
<marc:controlfield tag="001">34875928</marc:controlfield><marc:controlfield tag="005">19971003105513.0</marc:controlfield><marc:datafield tag="010" ind1=" " ind2=" "><marc:subfield code="a">96023374</marc:subfield></marc:datafield><marc:datafield tag="020" ind1=" " ind2=" "><marc:subfield code="a">0521223407 (hardback)</marc:subfield></marc:datafield><marc:datafield tag="020" ind1=" " ind2=" "><marc:subfield code="a">052129455X (paperback)</marc:subfield></marc:datafield><marc:datafield tag="040" ind1=" " ind2=" "><marc:subfield code="a">DLC</marc:subfield><marc:subfield code="c">DLC</marc:subfield><marc:subfield code="d">NOC</marc:subfield></marc:datafield><marc:datafield tag="050" ind1="0" ind2="0"><marc:subfield code="a">PR2823.A2</marc:subfield><marc:subfield code="b">B73 1997</marc:subfield></marc:datafield><marc:datafield tag="082" ind1="0" ind2="0"><marc:subfield code="a">822.3/3</marc:subfield><marc:subfield code="2">20</marc:subfield></marc:datafield><marc:datafield tag="100" ind1="1" ind2=" "><marc:subfield code="a">Shakespeare, William,</marc:subfield><marc:subfield code="d">1564-1616.</marc:subfield></marc:datafield><marc:datafield tag="245" ind1="1" ind2="0"><marc:subfield code="a">Macbeth /</marc:subfield><marc:subfield code="c">edited by A.R. Braunmuller.</marc:subfield></marc:datafield><marc:datafield tag="260" ind1=" " ind2=" "><marc:subfield code="a">Cambridge ;</marc:subfield><marc:subfield code="a">New York, NY, USA :</marc:subfield><marc:subfield code="b">Cambridge University Press,</marc:subfield><marc:subfield code="c">1997.</marc:subfield></marc:datafield><marc:datafield tag="300" ind1=" " ind2=" "><marc:subfield code="a">xii, 280 p. :</marc:subfield><marc:subfield code="b">ill. ;</marc:subfield><marc:subfield code="c">24  cm.</marc:subfield></marc:datafield><marc:datafield tag="504" ind1=" " ind2=" "><marc:subfield code="a">Includes bibliographical references (p. 279-280).</marc:subfield></marc:datafield><marc:datafield tag="600" ind1="0" ind2="0"><marc:subfield code="a">Macbeth,</marc:subfield><marc:subfield code="c">King of Scotland,</marc:subfield><marc:subfield code="d">active 11th century</marc:subfield><marc:subfield code="v">Drama.</marc:subfield></marc:datafield><marc:datafield tag="700" ind1="1" ind2=" "><marc:subfield code="a">Braunmuller, A. R.,</marc:subfield><marc:subfield code="d">1945-</marc:subfield></marc:datafield><marc:datafield tag="800" ind1="1" ind2=" "><marc:subfield code="a">Shakespeare, William,</marc:subfield><marc:subfield code="d">1564-1616.</marc:subfield><marc:subfield code="t">Works.</marc:subfield><marc:subfield code="f">1984.</marc:subfield><marc:subfield code="s">Cambridge University Press.</marc:subfield></marc:datafield><marc:datafield tag="907" ind1=" " ind2=" "><marc:subfield code="a">b3064657</marc:subfield></marc:datafield><marc:datafield tag="919" ind1=" " ind2=" "><marc:subfield code="t">Macbeth Is</marc:subfield></marc:datafield><marc:datafield tag="999" ind1="9" ind2="1"><marc:subfield code="i">i4354873</marc:subfield><marc:subfield code="l">ddda</marc:subfield><marc:subfield code="s">-</marc:subfield><marc:subfield code="t">0</marc:subfield><marc:subfield code="c">1</marc:subfield><marc:subfield code="o">19</marc:subfield><marc:subfield code="d">20180815</marc:subfield><marc:subfield code="b">00014505724</marc:subfield><marc:subfield code="p">090##</marc:subfield><marc:subfield code="q">|aPR2823.A2 B73 1997</marc:subfield></marc:datafield><marc:datafield tag="999" ind1="9" ind2="1"><marc:subfield code="i">i4354874</marc:subfield><marc:subfield code="l">ddcc</marc:subfield><marc:subfield code="s">-</marc:subfield><marc:subfield code="t">0</marc:subfield><marc:subfield code="c">2</marc:subfield><marc:subfield code="o">7</marc:subfield><marc:subfield code="b">00014505733</marc:subfield><marc:subfield code="p">090##</marc:subfield><marc:subfield code="q">|aPR2823.A2 B73 1997</marc:subfield></marc:datafield><marc:datafield tag="999" ind1="0" ind2="0"><marc:subfield code="a">2004-10-01 00:00:00-04</marc:subfield><marc:subfield code="c">2004-10-04 09:38:40-04</marc:subfield><marc:subfield code="u">2013-10-09 09:00:54-04</marc:subfield></marc:datafield></marc:record>