
<marc:record><marc:leader>01169cim a2200301I  4500</marc:leader>
<marc:controlfield tag="008">770506m19601963xxu  n         d    eng  </marc:controlfield>
<marc:controlfield tag="007">sd bmmenn----u</marc:controlfield><marc:controlfield tag="001">2946549</marc:controlfield><marc:controlfield tag="005">20030411165146.0</marc:controlfield><marc:datafield tag="010" ind1=" " ind2=" "><marc:subfield code="a">r  63001509</marc:subfield></marc:datafield><marc:datafield tag="019" ind1=" " ind2=" "><marc:subfield code="a">5818383</marc:subfield></marc:datafield><marc:datafield tag="040" ind1=" " ind2=" "><marc:subfield code="a">DLC</marc:subfield><marc:subfield code="c">COO</marc:subfield><marc:subfield code="d">OCL</marc:subfield><marc:subfield code="d">CCH</marc:subfield><marc:subfield code="d">OCL</marc:subfield><marc:subfield code="d">OCLCQ</marc:subfield><marc:subfield code="d">NOC</marc:subfield></marc:datafield><marc:datafield tag="043" ind1=" " ind2=" "><marc:subfield code="a">e-uk-en</marc:subfield></marc:datafield><marc:datafield tag="045" ind1=" " ind2=" "><marc:subfield code="a">t6u1</marc:subfield></marc:datafield><marc:datafield tag="100" ind1="1" ind2=" "><marc:subfield code="a">Shakespeare, William,</marc:subfield><marc:subfield code="d">1564-1616.</marc:subfield></marc:datafield><marc:datafield tag="245" ind1="1" ind2="0"><marc:subfield code="a">Macbeth.</marc:subfield><marc:subfield code="h">[sound recording].</marc:subfield></marc:datafield><marc:datafield tag="260" ind1=" " ind2=" "><marc:subfield code="a">[s.l.] :</marc:subfield><marc:subfield code="b">London,</marc:subfield></marc:datafield><marc:datafield tag="300" ind1=" " ind2=" "><marc:subfield code="a">6 s. :</marc:subfield><marc:subfield code="b">33 1/3 rpm.microgroove ;</marc:subfield><marc:subfield code="c">12 in.</marc:subfield></marc:datafield><marc:datafield tag="500" ind1=" " ind2=" "><marc:subfield code="a">&quot;Recorded under the auspices of the British Council.&quot;</marc:subfield></marc:datafield><marc:datafield tag="500" ind1=" " ind2=" "><marc:subfield code="a">Manual sequence.</marc:subfield></marc:datafield><marc:datafield tag="500" ind1=" " ind2=" "><marc:subfield code="a">Critical notes on container; synopsis of the plot ([4] p.) laid in.</marc:subfield></marc:datafield><marc:datafield tag="511" ind1=" " ind2=" "><marc:subfield code="a">Marlowe Society and Professional Players; George Rylands, director.</marc:subfield></marc:datafield><marc:datafield tag="700" ind1="1" ind2=" "><marc:subfield code="a">Rylands, George,</marc:subfield><marc:subfield code="d">1902-1999.</marc:subfield><marc:subfield code="4">prf</marc:subfield></marc:datafield><marc:datafield tag="710" ind1="2" ind2=" "><marc:subfield code="a">Marlowe Dramatic Society.</marc:subfield><marc:subfield code="4">prf</marc:subfield></marc:datafield><marc:datafield tag="907" ind1=" " ind2=" "><marc:subfield code="a">b3130808</marc:subfield></marc:datafield><marc:datafield tag="919" ind1=" " ind2=" "><marc:subfield code="t">Macbeth Is</marc:subfield></marc:datafield><marc:datafield tag="999" ind1="9" ind2="1"><marc:subfield code="i">i4443669</marc:subfield><marc:subfield code="l">truls</marc:subfield><marc:subfield code="s">o</marc:subfield><marc:subfield code="t">50</marc:subfield><marc:subfield code="c">2</marc:subfield><marc:subfield code="o">3</marc:subfield><marc:subfield code="b">10000650243</marc:subfield><marc:subfield code="p">099#9</marc:subfield><marc:subfield code="q">|a65-LP15A</marc:subfield><marc:subfield code="n">Ask at Media Resources Desk for assistance. Phone: (919)-962-2559. Email address: mrc@unc.edu</marc:subfield></marc:datafield><marc:datafield tag="999" ind1="0" ind2="0"><marc:subfield code="a">2004-10-01 00:00:00-04</marc:subfield><marc:subfield code="c">2004-10-04 10:08:58-04</marc:subfield><marc:subfield code="u">2016-02-05 11:27:04-05</marc:subfield></marc:datafield></marc:record>