
<marc:record><marc:leader>01344cim a2200313Ia 4500</marc:leader>
<marc:controlfield tag="008">780327s1953    nyunnn   h     d    eng c</marc:controlfield>
<marc:controlfield tag="007">sd bmmenn-nn--</marc:controlfield><marc:controlfield tag="001">3752307</marc:controlfield><marc:controlfield tag="005">20030411164945.0</marc:controlfield><marc:datafield tag="010" ind1=" " ind2=" "><marc:subfield code="a">ra 56000189</marc:subfield></marc:datafield><marc:datafield tag="028" ind1="0" ind2="2"><marc:subfield code="a">LM-6010</marc:subfield><marc:subfield code="b">RCA Victor</marc:subfield></marc:datafield><marc:datafield tag="040" ind1=" " ind2=" "><marc:subfield code="a">California.  Univ. Libr</marc:subfield><marc:subfield code="c">AZS</marc:subfield><marc:subfield code="d">OCL</marc:subfield><marc:subfield code="d">BGU</marc:subfield><marc:subfield code="d">NOC</marc:subfield></marc:datafield><marc:datafield tag="100" ind1="1" ind2=" "><marc:subfield code="a">Shakespeare, William,</marc:subfield><marc:subfield code="d">1564-1616.</marc:subfield><marc:subfield code="4">aut</marc:subfield></marc:datafield><marc:datafield tag="245" ind1="1" ind2="0"><marc:subfield code="a">Macbeth</marc:subfield><marc:subfield code="h">[sound recording] :</marc:subfield><marc:subfield code="b">Complete /</marc:subfield><marc:subfield code="c">William Shakespeare.</marc:subfield></marc:datafield><marc:datafield tag="260" ind1=" " ind2=" "><marc:subfield code="a">[New York] :</marc:subfield><marc:subfield code="b">RCA Victor,</marc:subfield><marc:subfield code="c">[1953]</marc:subfield></marc:datafield><marc:datafield tag="300" ind1=" " ind2=" "><marc:subfield code="a">2 sound discs :</marc:subfield><marc:subfield code="b">analog, 33 1/3 rpm, mono. ;</marc:subfield><marc:subfield code="c">12 in.</marc:subfield></marc:datafield><marc:datafield tag="500" ind1=" " ind2=" "><marc:subfield code="a">Automatic sequence.</marc:subfield></marc:datafield><marc:datafield tag="500" ind1=" " ind2=" "><marc:subfield code="a">Biographical notes ([8] p.) laid in container.</marc:subfield></marc:datafield><marc:datafield tag="511" ind1="0" ind2=" "><marc:subfield code="a">Old Vic Company, starring Alec Guiness, Pamela Brown, Andrew Cruickshank, and Robin Bailey ; directed by Frank Hauser.</marc:subfield></marc:datafield><marc:datafield tag="700" ind1="1" ind2=" "><marc:subfield code="a">Guinness, Alec,</marc:subfield><marc:subfield code="d">1914-2000.</marc:subfield><marc:subfield code="4">prf</marc:subfield></marc:datafield><marc:datafield tag="700" ind1="1" ind2=" "><marc:subfield code="a">Brown, Pamela,</marc:subfield><marc:subfield code="d">1924-1989.</marc:subfield><marc:subfield code="4">prf</marc:subfield></marc:datafield><marc:datafield tag="700" ind1="1" ind2=" "><marc:subfield code="a">Cruickshank, Andrew,</marc:subfield><marc:subfield code="d">1907-1988.</marc:subfield><marc:subfield code="4">prf</marc:subfield></marc:datafield><marc:datafield tag="700" ind1="1" ind2=" "><marc:subfield code="a">Bailey, Robin.</marc:subfield><marc:subfield code="4">prf</marc:subfield></marc:datafield><marc:datafield tag="700" ind1="1" ind2=" "><marc:subfield code="a">Hauser, Frank,</marc:subfield><marc:subfield code="d">1922-2007.</marc:subfield><marc:subfield code="4">drt</marc:subfield></marc:datafield><marc:datafield tag="710" ind1="2" ind2=" "><marc:subfield code="a">Old Vic Company.</marc:subfield></marc:datafield><marc:datafield tag="907" ind1=" " ind2=" "><marc:subfield code="a">b3130809</marc:subfield></marc:datafield><marc:datafield tag="919" ind1=" " ind2=" "><marc:subfield code="t">Macbeth Is</marc:subfield></marc:datafield><marc:datafield tag="999" ind1="9" ind2="1"><marc:subfield code="i">i4443671</marc:subfield><marc:subfield code="l">truls</marc:subfield><marc:subfield code="s">o</marc:subfield><marc:subfield code="t">50</marc:subfield><marc:subfield code="c">1</marc:subfield><marc:subfield code="o">0</marc:subfield><marc:subfield code="b">00010409765</marc:subfield><marc:subfield code="p">099#9</marc:subfield><marc:subfield code="q">|a65-LP15</marc:subfield><marc:subfield code="n">Ask at Media Resources Desk for assistance. Phone: (919)-962-2559. Email address: mrc@unc.edu</marc:subfield></marc:datafield><marc:datafield tag="999" ind1="0" ind2="0"><marc:subfield code="a">2004-10-01 00:00:00-04</marc:subfield><marc:subfield code="c">2004-10-04 10:08:00-04</marc:subfield><marc:subfield code="u">2014-02-22 06:10:38-05</marc:subfield></marc:datafield></marc:record>