
<marc:record><marc:leader>00905nam a2200193   4500</marc:leader>
<marc:controlfield tag="008">790922s1778    gw |||| a     00| ||eng d</marc:controlfield>
<marc:controlfield tag="001">M-ESTCT62201</marc:controlfield><marc:controlfield tag="005">19961112105141.0</marc:controlfield><marc:datafield tag="040" ind1=" " ind2=" "><marc:subfield code="a">Uk-ES</marc:subfield><marc:subfield code="c">Uk-ES</marc:subfield><marc:subfield code="d">CStRLIN</marc:subfield><marc:subfield code="d">ResP</marc:subfield></marc:datafield><marc:datafield tag="100" ind1="1" ind2=" "><marc:subfield code="a">Shakespeare, William,</marc:subfield><marc:subfield code="d">1564-1616.</marc:subfield></marc:datafield><marc:datafield tag="245" ind1="1" ind2="0"><marc:subfield code="a">Macbeth</marc:subfield><marc:subfield code="h">[microform]</marc:subfield><marc:subfield code="b">a tragedy by Shakespear. With explanatory notes selected from Dr. Johnson's and Mr. Steevens's commentaries.</marc:subfield></marc:datafield><marc:datafield tag="260" ind1=" " ind2=" "><marc:subfield code="a">Goettingen :</marc:subfield><marc:subfield code="b">to be sold by I. C. Dieterich,</marc:subfield><marc:subfield code="c">1778.</marc:subfield></marc:datafield><marc:datafield tag="300" ind1=" " ind2=" "><marc:subfield code="a">112p. ;</marc:subfield><marc:subfield code="c">8̕.</marc:subfield></marc:datafield><marc:datafield tag="533" ind1=" " ind2=" "><marc:subfield code="a">Microfilm.</marc:subfield><marc:subfield code="b">Woodbridge, CT</marc:subfield><marc:subfield code="c">Research Publications, Inc.,</marc:subfield><marc:subfield code="d">1983.</marc:subfield><marc:subfield code="e">1 reel ; 35mm.</marc:subfield><marc:subfield code="f">(The Eighteenth Century ; reel 543, no. 13).</marc:subfield></marc:datafield><marc:datafield tag="830" ind1=" " ind2="0"><marc:subfield code="a">Eighteenth century ;</marc:subfield><marc:subfield code="v">reel 543, no. 13.</marc:subfield></marc:datafield><marc:datafield tag="907" ind1=" " ind2=" "><marc:subfield code="a">b3877217</marc:subfield></marc:datafield><marc:datafield tag="919" ind1=" " ind2=" "><marc:subfield code="t">Macbeth Is</marc:subfield></marc:datafield><marc:datafield tag="999" ind1="9" ind2="1"><marc:subfield code="i">i5359739</marc:subfield><marc:subfield code="l">dgdaa</marc:subfield><marc:subfield code="s">-</marc:subfield><marc:subfield code="t">28</marc:subfield><marc:subfield code="c">1</marc:subfield><marc:subfield code="o">0</marc:subfield><marc:subfield code="b">HBDH-1744-00001</marc:subfield><marc:subfield code="p">099#9</marc:subfield><marc:subfield code="q">|a1-2586 reel 543, no. 13</marc:subfield></marc:datafield><marc:datafield tag="999" ind1="0" ind2="0"><marc:subfield code="a">2004-10-01 00:00:00-04</marc:subfield><marc:subfield code="c">2004-10-06 10:38:35-04</marc:subfield><marc:subfield code="u">2016-02-03 11:42:23-05</marc:subfield></marc:datafield></marc:record>