
<marc:record><marc:leader>00767nam a2200205M  4500</marc:leader>
<marc:controlfield tag="008">820914s1889    nyuaf         000 0 eng d</marc:controlfield>
<marc:controlfield tag="001">31497628</marc:controlfield><marc:controlfield tag="005">20011002120515.0</marc:controlfield><marc:datafield tag="040" ind1=" " ind2=" "><marc:subfield code="a">ZCU</marc:subfield><marc:subfield code="c">ZCU</marc:subfield><marc:subfield code="d">NOC</marc:subfield></marc:datafield><marc:datafield tag="100" ind1="1" ind2=" "><marc:subfield code="a">Shakespeare, William,</marc:subfield><marc:subfield code="d">1564-1616.</marc:subfield></marc:datafield><marc:datafield tag="240" ind1="1" ind2="0"><marc:subfield code="a">Macbeth</marc:subfield></marc:datafield><marc:datafield tag="245" ind1="1" ind2="4"><marc:subfield code="a">The tragedie of Macbeth;</marc:subfield><marc:subfield code="c">with illustrations and notes by J. Moyr Smith.</marc:subfield></marc:datafield><marc:datafield tag="260" ind1=" " ind2=" "><marc:subfield code="a">New York,</marc:subfield><marc:subfield code="b">White and Allen</marc:subfield><marc:subfield code="c">[1889]</marc:subfield></marc:datafield><marc:datafield tag="300" ind1=" " ind2=" "><marc:subfield code="a">1 p. l., xxx, 87, [1] p.</marc:subfield><marc:subfield code="b">front., illus., col. plates.</marc:subfield><marc:subfield code="c">38 cm.</marc:subfield></marc:datafield><marc:datafield tag="500" ind1=" " ind2=" "><marc:subfield code="a">Added t.-p., illus.</marc:subfield></marc:datafield><marc:datafield tag="700" ind1="1" ind2=" "><marc:subfield code="a">Smith, J. Moyr,</marc:subfield><marc:subfield code="e">illustrator,</marc:subfield><marc:subfield code="e">editor.</marc:subfield></marc:datafield><marc:datafield tag="907" ind1=" " ind2=" "><marc:subfield code="a">b4059995</marc:subfield></marc:datafield><marc:datafield tag="919" ind1=" " ind2=" "><marc:subfield code="t">Macbeth Is</marc:subfield></marc:datafield><marc:datafield tag="999" ind1="9" ind2="1"><marc:subfield code="i">i5574313</marc:subfield><marc:subfield code="l">dndb</marc:subfield><marc:subfield code="s">m</marc:subfield><marc:subfield code="t">0</marc:subfield><marc:subfield code="c">1</marc:subfield><marc:subfield code="o">0</marc:subfield><marc:subfield code="b">HBFB-8935-00001</marc:subfield><marc:subfield code="p">092##</marc:subfield><marc:subfield code="q">|a822.12 Ma 1889</marc:subfield></marc:datafield><marc:datafield tag="999" ind1="0" ind2="0"><marc:subfield code="a">2004-10-01 00:00:00-04</marc:subfield><marc:subfield code="c">2004-10-06 23:03:55-04</marc:subfield><marc:subfield code="u">2018-01-15 13:29:44-05</marc:subfield></marc:datafield></marc:record>