
<marc:record><marc:leader>02579cim a2200445Ia 4500</marc:leader>
<marc:controlfield tag="008">980827s1998    gw nnn   f     d    eng d</marc:controlfield>
<marc:controlfield tag="007">sd fsngnn---ed</marc:controlfield><marc:controlfield tag="001">40985730</marc:controlfield><marc:controlfield tag="005">20020227112436.0</marc:controlfield><marc:datafield tag="020" ind1=" " ind2=" "><marc:subfield code="a">9626341629</marc:subfield></marc:datafield><marc:datafield tag="028" ind1="0" ind2="0"><marc:subfield code="a">NA316212</marc:subfield><marc:subfield code="b">Naxos Audiobooks</marc:subfield></marc:datafield><marc:datafield tag="028" ind1="0" ind2="0"><marc:subfield code="a">NA316222</marc:subfield><marc:subfield code="b">Naxos AudioBooks</marc:subfield></marc:datafield><marc:datafield tag="028" ind1="0" ind2="0"><marc:subfield code="a">NA316232</marc:subfield><marc:subfield code="b">Naxos AudioBooks</marc:subfield></marc:datafield><marc:datafield tag="040" ind1=" " ind2=" "><marc:subfield code="a">HLS</marc:subfield><marc:subfield code="c">HLS</marc:subfield><marc:subfield code="d">OIP</marc:subfield><marc:subfield code="d">NOC</marc:subfield></marc:datafield><marc:datafield tag="050" ind1=" " ind2="4"><marc:subfield code="a">PR2823</marc:subfield><marc:subfield code="b">.A23 1998</marc:subfield></marc:datafield><marc:datafield tag="100" ind1="1" ind2=" "><marc:subfield code="a">Shakespeare, William,</marc:subfield><marc:subfield code="d">1564-1616.</marc:subfield></marc:datafield><marc:datafield tag="245" ind1="1" ind2="0"><marc:subfield code="a">Macbeth</marc:subfield><marc:subfield code="h">[sound recording] /</marc:subfield><marc:subfield code="c">William Shakespeare.</marc:subfield></marc:datafield><marc:datafield tag="260" ind1=" " ind2=" "><marc:subfield code="a">[Germany?] :</marc:subfield><marc:subfield code="b">Naxos AudioBooks Ltd.,</marc:subfield><marc:subfield code="c">p1998.</marc:subfield></marc:datafield><marc:datafield tag="300" ind1=" " ind2=" "><marc:subfield code="a">3 sound discs (2 hrs., 20 min., 54 sec.) :</marc:subfield><marc:subfield code="b">digital ;</marc:subfield><marc:subfield code="c">4 3/4 in.</marc:subfield></marc:datafield><marc:datafield tag="306" ind1=" " ind2=" "><marc:subfield code="a">022054</marc:subfield></marc:datafield><marc:datafield tag="500" ind1=" " ind2=" "><marc:subfield code="a">Program notes (19 p.) inserted in container.</marc:subfield></marc:datafield><marc:datafield tag="500" ind1=" " ind2=" "><marc:subfield code="a">&quot;This recording of Macbeth uses the New Cambridge Shakespeare text&quot;--Container.</marc:subfield></marc:datafield><marc:datafield tag="500" ind1=" " ind2=" "><marc:subfield code="a">&quot;The complete text, fully dramatised&quot;--Container.</marc:subfield></marc:datafield><marc:datafield tag="500" ind1=" " ind2=" "><marc:subfield code="a">Compact discs.</marc:subfield></marc:datafield><marc:datafield tag="508" ind1=" " ind2=" "><marc:subfield code="a">Directed by Fiona Shaw; produced by Nicolas Soames.</marc:subfield></marc:datafield><marc:datafield tag="511" ind1="0" ind2=" "><marc:subfield code="a">Stephen Dillane (Macbeth), Fiona Shaw (Lady Macbeth), Denys Hawthorne (Duncan), Adam Kotz (Banquo).</marc:subfield></marc:datafield><marc:datafield tag="520" ind1=" " ind2=" "><marc:subfield code="a">Macbeth's ambition unleashes a cycle of violence. Prompted by the supernatural prophecy of three witches, Macbeth kills King Duncan and assumes his throne. Macbeth plunges further into murder and moral decay to keep the crown on his head. While his wife crumbles away in guilt and madness, Macbeth fights to prevent the rest of the prophecy from coming true.</marc:subfield></marc:datafield><marc:datafield tag="700" ind1="1" ind2=" "><marc:subfield code="a">Shaw, Fiona,</marc:subfield><marc:subfield code="d">1958-</marc:subfield></marc:datafield><marc:datafield tag="700" ind1="1" ind2=" "><marc:subfield code="a">Soames, Nicolas,</marc:subfield><marc:subfield code="d">1950-</marc:subfield></marc:datafield><marc:datafield tag="700" ind1="1" ind2=" "><marc:subfield code="a">Dillane, Stephen,</marc:subfield><marc:subfield code="d">1956-</marc:subfield></marc:datafield><marc:datafield tag="700" ind1="1" ind2=" "><marc:subfield code="a">Hawthorne, Denys.</marc:subfield></marc:datafield><marc:datafield tag="700" ind1="1" ind2=" "><marc:subfield code="a">Kotz, Adam.</marc:subfield></marc:datafield><marc:datafield tag="830" ind1=" " ind2="0"><marc:subfield code="a">Classic literature with classical music.</marc:subfield></marc:datafield><marc:datafield tag="907" ind1=" " ind2=" "><marc:subfield code="a">b4102026</marc:subfield></marc:datafield><marc:datafield tag="919" ind1=" " ind2=" "><marc:subfield code="t">Macbeth Is</marc:subfield></marc:datafield><marc:datafield tag="999" ind1="9" ind2="1"><marc:subfield code="i">i5635387</marc:subfield><marc:subfield code="l">truls</marc:subfield><marc:subfield code="s">o</marc:subfield><marc:subfield code="t">0</marc:subfield><marc:subfield code="c">1</marc:subfield><marc:subfield code="o">0</marc:subfield><marc:subfield code="b">00020389287</marc:subfield><marc:subfield code="p">099#9</marc:subfield><marc:subfield code="q">|a65-CD1491</marc:subfield><marc:subfield code="v">Suppl.: &quot;text&quot;</marc:subfield><marc:subfield code="n">Ask at Media Resources Desk for assistance. Phone: (919)-962-2559. Email address: mrc@unc.edu</marc:subfield></marc:datafield><marc:datafield tag="999" ind1="9" ind2="1"><marc:subfield code="i">i5635388</marc:subfield><marc:subfield code="l">truls</marc:subfield><marc:subfield code="s">o</marc:subfield><marc:subfield code="t">49</marc:subfield><marc:subfield code="c">1</marc:subfield><marc:subfield code="o">9</marc:subfield><marc:subfield code="b">00020389349</marc:subfield><marc:subfield code="p">099#9</marc:subfield><marc:subfield code="q">|a65-CD1491</marc:subfield><marc:subfield code="v">disc1</marc:subfield><marc:subfield code="n">Ask at Media Resources Desk for assistance. Phone: (919)-962-2559. Email address: mrc@unc.edu</marc:subfield></marc:datafield><marc:datafield tag="999" ind1="9" ind2="1"><marc:subfield code="i">i5635389</marc:subfield><marc:subfield code="l">truls</marc:subfield><marc:subfield code="s">o</marc:subfield><marc:subfield code="t">49</marc:subfield><marc:subfield code="c">1</marc:subfield><marc:subfield code="o">9</marc:subfield><marc:subfield code="b">00020389330</marc:subfield><marc:subfield code="p">099#9</marc:subfield><marc:subfield code="q">|a65-CD1491</marc:subfield><marc:subfield code="v">disc2</marc:subfield><marc:subfield code="n">Ask at Media Resources Desk for assistance. Phone: (919)-962-2559. Email address: mrc@unc.edu</marc:subfield></marc:datafield><marc:datafield tag="999" ind1="9" ind2="1"><marc:subfield code="i">i5635390</marc:subfield><marc:subfield code="l">truls</marc:subfield><marc:subfield code="s">o</marc:subfield><marc:subfield code="t">49</marc:subfield><marc:subfield code="c">1</marc:subfield><marc:subfield code="o">9</marc:subfield><marc:subfield code="b">00020389321</marc:subfield><marc:subfield code="p">099#9</marc:subfield><marc:subfield code="q">|a65-CD1491</marc:subfield><marc:subfield code="v">disc3</marc:subfield><marc:subfield code="n">Ask at Media Resources Desk for assistance. Phone: (919)-962-2559. Email address: mrc@unc.edu</marc:subfield></marc:datafield><marc:datafield tag="999" ind1="0" ind2="0"><marc:subfield code="a">2004-10-01 00:00:00-04</marc:subfield><marc:subfield code="c">2004-10-06 23:08:10-04</marc:subfield><marc:subfield code="u">2015-07-13 20:27:47-04</marc:subfield></marc:datafield></marc:record>