
<marc:record><marc:leader>01013cam a2200193   4500</marc:leader>
<marc:controlfield tag="008">860428s1739    ie |||| a     00| ||eng d</marc:controlfield>
<marc:controlfield tag="001">M-ESTCN23318</marc:controlfield><marc:datafield tag="040" ind1=" " ind2=" "><marc:subfield code="a">Cu-RivES</marc:subfield><marc:subfield code="c">Cu-RivES</marc:subfield><marc:subfield code="d">CStRLIN</marc:subfield></marc:datafield><marc:datafield tag="100" ind1="1" ind2=" "><marc:subfield code="a">Shakespeare, William,</marc:subfield><marc:subfield code="d">1564-1616.</marc:subfield></marc:datafield><marc:datafield tag="240" ind1="1" ind2="0"><marc:subfield code="a">Macbeth</marc:subfield></marc:datafield><marc:datafield tag="245" ind1="1" ind2="4"><marc:subfield code="a">The tragedy of Macbeth.</marc:subfield><marc:subfield code="b">Written by Mr. W. Shakespeare. Collated with the oldest copies, and corrected; with notes explanatory and critical, by Mr. Theobald.</marc:subfield></marc:datafield><marc:datafield tag="260" ind1=" " ind2=" "><marc:subfield code="a">Dublin :</marc:subfield><marc:subfield code="b">printed by M. Rhames, for J. Smith. And Abraham Bradley,</marc:subfield><marc:subfield code="c">1739.</marc:subfield></marc:datafield><marc:datafield tag="300" ind1=" " ind2=" "><marc:subfield code="a">88p. ;</marc:subfield><marc:subfield code="c">12â°.</marc:subfield></marc:datafield><marc:datafield tag="533" ind1=" " ind2=" "><marc:subfield code="a">Microfilm.</marc:subfield><marc:subfield code="b">Woodbridge, Conn. :</marc:subfield><marc:subfield code="c">Primary Source Microfilm, an imprint of Gale Group.</marc:subfield><marc:subfield code="d">2001.</marc:subfield><marc:subfield code="e">1 reel ; 35 mm.</marc:subfield><marc:subfield code="n">Unit 327.</marc:subfield><marc:subfield code="f">(the Eighteenth Century ; reel 11433, no. 04).</marc:subfield><marc:subfield code="7">s2001    ctu  b</marc:subfield></marc:datafield><marc:datafield tag="830" ind1=" " ind2="0"><marc:subfield code="a">Eighteenth century ;</marc:subfield><marc:subfield code="v">reel 11433, no. 04.</marc:subfield></marc:datafield><marc:datafield tag="907" ind1=" " ind2=" "><marc:subfield code="a">b4126555</marc:subfield></marc:datafield><marc:datafield tag="919" ind1=" " ind2=" "><marc:subfield code="t">Macbeth Is</marc:subfield></marc:datafield><marc:datafield tag="999" ind1="9" ind2="1"><marc:subfield code="i">i5663622</marc:subfield><marc:subfield code="l">dgdaa</marc:subfield><marc:subfield code="s">-</marc:subfield><marc:subfield code="t">28</marc:subfield><marc:subfield code="c">1</marc:subfield><marc:subfield code="o">0</marc:subfield><marc:subfield code="b">HBFS-9073-00001</marc:subfield><marc:subfield code="p">099#9</marc:subfield><marc:subfield code="q">|a1-2586 reel 11433, no. 04</marc:subfield></marc:datafield><marc:datafield tag="999" ind1="0" ind2="0"><marc:subfield code="a">2004-10-01 00:00:00-04</marc:subfield><marc:subfield code="c">2004-10-06 23:10:28-04</marc:subfield><marc:subfield code="u">2018-01-12 18:26:10-05</marc:subfield></marc:datafield></marc:record>