
<marc:record><marc:leader>01005cam a2200205   4500</marc:leader>
<marc:controlfield tag="008">830301s1773    enk|||| a     00| ||eng d</marc:controlfield>
<marc:controlfield tag="001">M-ESTCT142666</marc:controlfield><marc:datafield tag="040" ind1=" " ind2=" "><marc:subfield code="a">Uk-ES</marc:subfield><marc:subfield code="c">Uk-ES</marc:subfield><marc:subfield code="d">CStRLIN</marc:subfield></marc:datafield><marc:datafield tag="100" ind1="1" ind2=" "><marc:subfield code="a">Shakespeare, William,</marc:subfield><marc:subfield code="d">1564-1616.</marc:subfield></marc:datafield><marc:datafield tag="245" ind1="1" ind2="0"><marc:subfield code="a">Macbeth.</marc:subfield><marc:subfield code="b">A tragedy. By William Shakespeare. Collated with the old and modern editions.</marc:subfield></marc:datafield><marc:datafield tag="260" ind1=" " ind2=" "><marc:subfield code="a">London :</marc:subfield><marc:subfield code="b">printed by W. Bowyer and J. Nichols: and sold by W. Owen,</marc:subfield><marc:subfield code="c">1773.</marc:subfield></marc:datafield><marc:datafield tag="300" ind1=" " ind2=" "><marc:subfield code="a">133,[1]p.,plate ;</marc:subfield><marc:subfield code="c">8â°.</marc:subfield></marc:datafield><marc:datafield tag="500" ind1=" " ind2=" "><marc:subfield code="a">Collated by Charles Jennens.</marc:subfield></marc:datafield><marc:datafield tag="500" ind1=" " ind2=" "><marc:subfield code="a">With a half-title.</marc:subfield></marc:datafield><marc:datafield tag="533" ind1=" " ind2=" "><marc:subfield code="a">Microfilm.</marc:subfield><marc:subfield code="b">Woodbridge, Conn. :</marc:subfield><marc:subfield code="c">Primary Source Microfilm, an imprint of Gale Group.</marc:subfield><marc:subfield code="d">2001.</marc:subfield><marc:subfield code="e">1 reel ; 35 mm.</marc:subfield><marc:subfield code="n">Unit 345.</marc:subfield><marc:subfield code="f">(the Eighteenth Century ; reel 12054, no. 01).</marc:subfield><marc:subfield code="7">s2001    ctu  b</marc:subfield></marc:datafield><marc:datafield tag="830" ind1=" " ind2="0"><marc:subfield code="a">Eighteenth century ;</marc:subfield><marc:subfield code="v">reel 12054, no. 01.</marc:subfield></marc:datafield><marc:datafield tag="907" ind1=" " ind2=" "><marc:subfield code="a">b4134347</marc:subfield></marc:datafield><marc:datafield tag="919" ind1=" " ind2=" "><marc:subfield code="t">Macbeth Is</marc:subfield></marc:datafield><marc:datafield tag="999" ind1="9" ind2="1"><marc:subfield code="i">i5671419</marc:subfield><marc:subfield code="l">dgdaa</marc:subfield><marc:subfield code="s">-</marc:subfield><marc:subfield code="t">28</marc:subfield><marc:subfield code="c">1</marc:subfield><marc:subfield code="o">0</marc:subfield><marc:subfield code="b">HBFU-4689-00001</marc:subfield><marc:subfield code="p">099#9</marc:subfield><marc:subfield code="q">|a1-2586 reel 12054, no. 01</marc:subfield></marc:datafield><marc:datafield tag="999" ind1="0" ind2="0"><marc:subfield code="a">2004-10-01 00:00:00-04</marc:subfield><marc:subfield code="c">2004-10-06 23:11:13-04</marc:subfield><marc:subfield code="u">2016-02-03 10:32:40-05</marc:subfield></marc:datafield></marc:record>