
<marc:record><marc:leader>01730cam a2200373 a 4500</marc:leader>
<marc:controlfield tag="008">010802s2002    nyua   d b    000 0 eng  </marc:controlfield>
<marc:controlfield tag="001">47989869</marc:controlfield><marc:controlfield tag="005">20020523143102.0</marc:controlfield><marc:datafield tag="010" ind1=" " ind2=" "><marc:subfield code="a">2001043294</marc:subfield></marc:datafield><marc:datafield tag="020" ind1=" " ind2=" "><marc:subfield code="a">0764120867 (pbk.) :</marc:subfield><marc:subfield code="c">$8.95</marc:subfield></marc:datafield><marc:datafield tag="040" ind1=" " ind2=" "><marc:subfield code="a">DLC</marc:subfield><marc:subfield code="c">DLC</marc:subfield><marc:subfield code="d">IG#</marc:subfield><marc:subfield code="d">XY4</marc:subfield><marc:subfield code="d">NOC</marc:subfield></marc:datafield><marc:datafield tag="042" ind1=" " ind2=" "><marc:subfield code="a">lcac</marc:subfield></marc:datafield><marc:datafield tag="043" ind1=" " ind2=" "><marc:subfield code="a">e-uk-st</marc:subfield></marc:datafield><marc:datafield tag="050" ind1="0" ind2="0"><marc:subfield code="a">PR2823</marc:subfield><marc:subfield code="b">.A25 2002</marc:subfield></marc:datafield><marc:datafield tag="082" ind1="0" ind2="0"><marc:subfield code="a">822.3/3</marc:subfield><marc:subfield code="2">21</marc:subfield></marc:datafield><marc:datafield tag="100" ind1="1" ind2=" "><marc:subfield code="a">Shakespeare, William,</marc:subfield><marc:subfield code="d">1564-1616.</marc:subfield></marc:datafield><marc:datafield tag="245" ind1="1" ind2="0"><marc:subfield code="a">Macbeth :</marc:subfield><marc:subfield code="b">original Shakespearean text with a modern line-for-line translation.</marc:subfield></marc:datafield><marc:datafield tag="260" ind1=" " ind2=" "><marc:subfield code="a">Hauppauge, NY :</marc:subfield><marc:subfield code="b">Barron's Educational Series,</marc:subfield><marc:subfield code="c">c2002.</marc:subfield></marc:datafield><marc:datafield tag="300" ind1=" " ind2=" "><marc:subfield code="a">254 p. :</marc:subfield><marc:subfield code="b">ill. ;</marc:subfield><marc:subfield code="c">23 cm.</marc:subfield></marc:datafield><marc:datafield tag="504" ind1=" " ind2=" "><marc:subfield code="a">Includes bibliographical references (p. 245-249).</marc:subfield></marc:datafield><marc:datafield tag="505" ind1="2" ind2=" "><marc:subfield code="a">Introduction: William Shakespeare, 1564-1616 -- Shakespeare's theater -- Sound of Shakespeare -- Publishing Shakespeare -- Macbeth: Introduction to the play -- Macbeth's sources -- Text of Macbeth -- Play -- Characters.</marc:subfield></marc:datafield><marc:datafield tag="520" ind1=" " ind2=" "><marc:subfield code="a">Presents the original text of Shakespeare's play side by side with a modern version, with discussion questions, role-playing scenarios, and other study activities.</marc:subfield></marc:datafield><marc:datafield tag="600" ind1="0" ind2="0"><marc:subfield code="a">Macbeth,</marc:subfield><marc:subfield code="c">King of Scotland,</marc:subfield><marc:subfield code="d">active 11th century</marc:subfield><marc:subfield code="v">Juvenile drama.</marc:subfield></marc:datafield><marc:datafield tag="600" ind1="1" ind2="1"><marc:subfield code="a">Shakespeare, William,</marc:subfield><marc:subfield code="d">1564-1616.</marc:subfield><marc:subfield code="t">Macbeth.</marc:subfield></marc:datafield><marc:datafield tag="650" ind1=" " ind2="0"><marc:subfield code="a">Regicides</marc:subfield><marc:subfield code="v">Juvenile drama.</marc:subfield></marc:datafield><marc:datafield tag="650" ind1=" " ind2="0"><marc:subfield code="a">Children's plays, English.</marc:subfield></marc:datafield><marc:datafield tag="650" ind1=" " ind2="1"><marc:subfield code="a">Plays.</marc:subfield></marc:datafield><marc:datafield tag="650" ind1=" " ind2="1"><marc:subfield code="a">English literature</marc:subfield><marc:subfield code="x">History and criticism.</marc:subfield></marc:datafield><marc:datafield tag="651" ind1=" " ind2="0"><marc:subfield code="a">Scotland</marc:subfield><marc:subfield code="v">Juvenile drama.</marc:subfield></marc:datafield><marc:datafield tag="800" ind1="1" ind2=" "><marc:subfield code="a">Shakespeare, William,</marc:subfield><marc:subfield code="d">1564-1616.</marc:subfield><marc:subfield code="t">Simply Shakespeare.</marc:subfield></marc:datafield><marc:datafield tag="907" ind1=" " ind2=" "><marc:subfield code="a">b4150914</marc:subfield></marc:datafield><marc:datafield tag="919" ind1=" " ind2=" "><marc:subfield code="t">Macbeth Is</marc:subfield></marc:datafield><marc:datafield tag="999" ind1="9" ind2="1"><marc:subfield code="i">i5692719</marc:subfield><marc:subfield code="l">ddda</marc:subfield><marc:subfield code="s">-</marc:subfield><marc:subfield code="t">0</marc:subfield><marc:subfield code="c">1</marc:subfield><marc:subfield code="o">7</marc:subfield><marc:subfield code="b">00020816976</marc:subfield><marc:subfield code="p">090##</marc:subfield><marc:subfield code="q">|aPR2823 .A25 2002</marc:subfield></marc:datafield><marc:datafield tag="999" ind1="0" ind2="0"><marc:subfield code="a">2004-10-01 00:00:00-04</marc:subfield><marc:subfield code="c">2004-10-06 23:13:31-04</marc:subfield><marc:subfield code="u">2013-10-23 16:46:11-04</marc:subfield></marc:datafield></marc:record>