
<marc:record><marc:leader>00799cam a2200193I  4500</marc:leader>
<marc:controlfield tag="008">840919s1928    enkh          000 1 eng d</marc:controlfield>
<marc:controlfield tag="001">11174260</marc:controlfield><marc:controlfield tag="005">20020625154124.0</marc:controlfield><marc:datafield tag="040" ind1=" " ind2=" "><marc:subfield code="a">KSW</marc:subfield><marc:subfield code="c">KSW</marc:subfield><marc:subfield code="d">NOC</marc:subfield></marc:datafield><marc:datafield tag="100" ind1="1" ind2=" "><marc:subfield code="a">Shakespeare, William,</marc:subfield><marc:subfield code="d">1564-1616.</marc:subfield></marc:datafield><marc:datafield tag="245" ind1="1" ind2="0"><marc:subfield code="a">Macbeth, by William Shakespeare :</marc:subfield><marc:subfield code="b">a facsimile of the First folio text /</marc:subfield><marc:subfield code="c">with an introduction by J. Dover Wilson, and a list of modern readings.</marc:subfield></marc:datafield><marc:datafield tag="260" ind1=" " ind2=" "><marc:subfield code="a">Boston :</marc:subfield><marc:subfield code="b">Houghton Mifflin Co.,</marc:subfield><marc:subfield code="c">1928</marc:subfield></marc:datafield><marc:datafield tag="300" ind1=" " ind2=" "><marc:subfield code="a">3 p. l., facsim. (p. 131-151, [2] p. ;</marc:subfield><marc:subfield code="c">31 cm.</marc:subfield></marc:datafield><marc:datafield tag="500" ind1=" " ind2=" "><marc:subfield code="a">Printed in Great Britain.</marc:subfield></marc:datafield><marc:datafield tag="700" ind1="1" ind2=" "><marc:subfield code="a">Wilson, John Dover,</marc:subfield><marc:subfield code="d">1881-1969.</marc:subfield></marc:datafield><marc:datafield tag="907" ind1=" " ind2=" "><marc:subfield code="a">b4161216</marc:subfield></marc:datafield><marc:datafield tag="919" ind1=" " ind2=" "><marc:subfield code="t">Macbeth Is</marc:subfield></marc:datafield><marc:datafield tag="999" ind1="9" ind2="1"><marc:subfield code="i">i5705514</marc:subfield><marc:subfield code="l">dddb</marc:subfield><marc:subfield code="s">-</marc:subfield><marc:subfield code="t">0</marc:subfield><marc:subfield code="c">1</marc:subfield><marc:subfield code="o">1</marc:subfield><marc:subfield code="b">00020891000</marc:subfield><marc:subfield code="p">090##</marc:subfield><marc:subfield code="q">|aPR2823 .A1 1928</marc:subfield></marc:datafield><marc:datafield tag="999" ind1="0" ind2="0"><marc:subfield code="a">2004-10-01 00:00:00-04</marc:subfield><marc:subfield code="c">2004-10-06 23:15:45-04</marc:subfield><marc:subfield code="u">2013-10-23 17:12:28-04</marc:subfield></marc:datafield></marc:record>