
<marc:record><marc:leader>00832cam a2200217I  4500</marc:leader>
<marc:controlfield tag="008">770224s1918    nyua          001 d eng d</marc:controlfield>
<marc:controlfield tag="001">2760792</marc:controlfield><marc:controlfield tag="005">20031209160231.0</marc:controlfield><marc:datafield tag="019" ind1=" " ind2=" "><marc:subfield code="a">8675424</marc:subfield></marc:datafield><marc:datafield tag="040" ind1=" " ind2=" "><marc:subfield code="a">OUN</marc:subfield><marc:subfield code="c">MNW</marc:subfield><marc:subfield code="d">MNW</marc:subfield><marc:subfield code="d">OCL</marc:subfield><marc:subfield code="d">CKM</marc:subfield><marc:subfield code="d">IAE</marc:subfield><marc:subfield code="d">OCLCQ</marc:subfield><marc:subfield code="d">NOC</marc:subfield></marc:datafield><marc:datafield tag="100" ind1="1" ind2=" "><marc:subfield code="a">Shakespeare, William,</marc:subfield><marc:subfield code="d">1564-1616.</marc:subfield></marc:datafield><marc:datafield tag="240" ind1="1" ind2="0"><marc:subfield code="a">Macbeth</marc:subfield></marc:datafield><marc:datafield tag="245" ind1="1" ind2="0"><marc:subfield code="a">Shakespeare's tragedy of Macbeth,</marc:subfield><marc:subfield code="c">ed. with notes by William J. Rolfe ...</marc:subfield></marc:datafield><marc:datafield tag="260" ind1=" " ind2=" "><marc:subfield code="a">New York,</marc:subfield><marc:subfield code="a">Cincinnati,</marc:subfield><marc:subfield code="b">American book Co.</marc:subfield><marc:subfield code="c">[1918]</marc:subfield></marc:datafield><marc:datafield tag="300" ind1=" " ind2=" "><marc:subfield code="a">304 p.</marc:subfield><marc:subfield code="b">front., illus.</marc:subfield><marc:subfield code="c">16 cm.</marc:subfield></marc:datafield><marc:datafield tag="700" ind1="1" ind2=" "><marc:subfield code="a">Rolfe, W. J.</marc:subfield><marc:subfield code="q">(William James),</marc:subfield><marc:subfield code="d">1827-1910,</marc:subfield><marc:subfield code="e">editor.</marc:subfield></marc:datafield><marc:datafield tag="830" ind1=" " ind2="0"><marc:subfield code="a">English classics (American Book Company)</marc:subfield></marc:datafield><marc:datafield tag="907" ind1=" " ind2=" "><marc:subfield code="a">b4391447</marc:subfield></marc:datafield><marc:datafield tag="919" ind1=" " ind2=" "><marc:subfield code="t">Macbeth Is</marc:subfield></marc:datafield><marc:datafield tag="999" ind1="9" ind2="1"><marc:subfield code="i">i5987262</marc:subfield><marc:subfield code="l">trln</marc:subfield><marc:subfield code="s">-</marc:subfield><marc:subfield code="t">0</marc:subfield><marc:subfield code="c">1</marc:subfield><marc:subfield code="o">0</marc:subfield><marc:subfield code="b">00022637390</marc:subfield><marc:subfield code="p">092##</marc:subfield><marc:subfield code="q">|a822.1 R74 v. 18</marc:subfield></marc:datafield><marc:datafield tag="999" ind1="0" ind2="0"><marc:subfield code="a">2004-10-01 00:00:00-04</marc:subfield><marc:subfield code="c">2004-10-07 13:09:50-04</marc:subfield><marc:subfield code="u">2018-01-15 13:29:53-05</marc:subfield></marc:datafield></marc:record>