
<marc:record><marc:leader>01368cam a2200265Ia 4500</marc:leader>
<marc:controlfield tag="008">040302s1889    enk     a     000 d eng d</marc:controlfield>
<marc:controlfield tag="007">hd bfa012baap</marc:controlfield><marc:controlfield tag="007">hd bfa012babp</marc:controlfield><marc:controlfield tag="001">54514566</marc:controlfield><marc:controlfield tag="005">20040302110155.0</marc:controlfield><marc:datafield tag="040" ind1=" " ind2=" "><marc:subfield code="a">NOC</marc:subfield><marc:subfield code="c">NOC</marc:subfield></marc:datafield><marc:datafield tag="100" ind1="1" ind2=" "><marc:subfield code="a">Shakespeare, William,</marc:subfield><marc:subfield code="d">1564-1616.</marc:subfield></marc:datafield><marc:datafield tag="245" ind1="1" ind2="0"><marc:subfield code="a">Macbeth</marc:subfield><marc:subfield code="h">[microform] :</marc:subfield><marc:subfield code="b">lines pronounced corrupt restored, and mutilations before unsuspected amended, also some new renderings : with preface and notes : also papers on Shakespeare's supposed negations and apparitions, and the temptation of Macbeth /</marc:subfield><marc:subfield code="c">by Matthias Mull.</marc:subfield></marc:datafield><marc:datafield tag="260" ind1=" " ind2=" "><marc:subfield code="a">London :</marc:subfield><marc:subfield code="b">K. Paul, Trench, &amp; Co.,</marc:subfield><marc:subfield code="c">1889.</marc:subfield></marc:datafield><marc:datafield tag="300" ind1=" " ind2=" "><marc:subfield code="a">cxv, 89 p. ;</marc:subfield><marc:subfield code="c">21 cm.</marc:subfield></marc:datafield><marc:datafield tag="533" ind1=" " ind2=" "><marc:subfield code="a">Microfilm.</marc:subfield><marc:subfield code="b">Chapel Hill :</marc:subfield><marc:subfield code="c">University of North Carolina Library Photographic Service,</marc:subfield><marc:subfield code="d">1992.</marc:subfield><marc:subfield code="e">On 1 microfilm reel with other items ; 35 mm.</marc:subfield><marc:subfield code="n">Master microform (MN 3960 pos. 4) held by: NcU.</marc:subfield><marc:subfield code="7">s1992    ncun a</marc:subfield></marc:datafield><marc:datafield tag="600" ind1="0" ind2="0"><marc:subfield code="a">Macbeth,</marc:subfield><marc:subfield code="c">King of Scotland,</marc:subfield><marc:subfield code="d">active 11th century</marc:subfield><marc:subfield code="v">Drama.</marc:subfield></marc:datafield><marc:datafield tag="650" ind1=" " ind2="0"><marc:subfield code="a">Regicides</marc:subfield><marc:subfield code="v">Drama.</marc:subfield></marc:datafield><marc:datafield tag="651" ind1=" " ind2="0"><marc:subfield code="a">Scotland</marc:subfield><marc:subfield code="v">Drama.</marc:subfield></marc:datafield><marc:datafield tag="700" ind1="1" ind2=" "><marc:subfield code="a">Mull, Matthias,</marc:subfield><marc:subfield code="d">1820-1893.</marc:subfield></marc:datafield><marc:datafield tag="776" ind1="1" ind2=" "><marc:subfield code="c">Original</marc:subfield><marc:subfield code="w">(DLC)  21015622</marc:subfield></marc:datafield><marc:datafield tag="907" ind1=" " ind2=" "><marc:subfield code="a">b4417995</marc:subfield></marc:datafield><marc:datafield tag="919" ind1=" " ind2=" "><marc:subfield code="t">Macbeth Is</marc:subfield></marc:datafield><marc:datafield tag="999" ind1="9" ind2="1"><marc:subfield code="i">i7869783</marc:subfield><marc:subfield code="l">dgab</marc:subfield><marc:subfield code="s">o</marc:subfield><marc:subfield code="t">68</marc:subfield><marc:subfield code="c">1</marc:subfield><marc:subfield code="o">0</marc:subfield><marc:subfield code="b">00034306661</marc:subfield><marc:subfield code="p">099#9</marc:subfield><marc:subfield code="q">|aMN-3960</marc:subfield><marc:subfield code="v">pos.1-8</marc:subfield><marc:subfield code="n">See Preservation staff for assistance with this microfilm.</marc:subfield></marc:datafield><marc:datafield tag="999" ind1="0" ind2="0"><marc:subfield code="a">2004-10-01 00:00:00-04</marc:subfield><marc:subfield code="c">2004-10-07 13:22:00-04</marc:subfield><marc:subfield code="u">2013-10-25 10:24:39-04</marc:subfield></marc:datafield></marc:record>