
<marc:record><marc:leader>01355cam a22003734a 4500</marc:leader>
<marc:controlfield tag="008">060705s2006    njua          000 0 eng  </marc:controlfield>
<marc:controlfield tag="001">70258818</marc:controlfield><marc:controlfield tag="003">OCoLC</marc:controlfield><marc:controlfield tag="005">20070111015753.0</marc:controlfield><marc:datafield tag="010" ind1=" " ind2=" "><marc:subfield code="a">2006020723</marc:subfield></marc:datafield><marc:datafield tag="020" ind1=" " ind2=" "><marc:subfield code="a">0470041560 (pbk.)</marc:subfield></marc:datafield><marc:datafield tag="020" ind1=" " ind2=" "><marc:subfield code="a">9780470041567 (pbk.)</marc:subfield></marc:datafield><marc:datafield tag="024" ind1="3" ind2=" "><marc:subfield code="a">9780470041567</marc:subfield></marc:datafield><marc:datafield tag="035" ind1=" " ind2=" "><marc:subfield code="a">(OCoLC)70258818</marc:subfield></marc:datafield><marc:datafield tag="040" ind1=" " ind2=" "><marc:subfield code="a">DLC</marc:subfield><marc:subfield code="c">DLC</marc:subfield><marc:subfield code="d">YDXCP</marc:subfield><marc:subfield code="d">BAKER</marc:subfield><marc:subfield code="d">OCLCQ</marc:subfield><marc:subfield code="d">BTCTA</marc:subfield></marc:datafield><marc:datafield tag="043" ind1=" " ind2=" "><marc:subfield code="a">e-uk-st</marc:subfield></marc:datafield><marc:datafield tag="049" ind1=" " ind2=" "><marc:subfield code="a">NOCC</marc:subfield></marc:datafield><marc:datafield tag="050" ind1="0" ind2="0"><marc:subfield code="a">PR2823</marc:subfield><marc:subfield code="b">.A1 2006b</marc:subfield></marc:datafield><marc:datafield tag="082" ind1="0" ind2="0"><marc:subfield code="a">822.3/3</marc:subfield><marc:subfield code="2">22</marc:subfield></marc:datafield><marc:datafield tag="100" ind1="1" ind2=" "><marc:subfield code="a">Shakespeare, William,</marc:subfield><marc:subfield code="d">1564-1616.</marc:subfield></marc:datafield><marc:datafield tag="245" ind1="1" ind2="0"><marc:subfield code="a">Macbeth /</marc:subfield><marc:subfield code="c">translated by Mary Ellen Snodgrass.</marc:subfield></marc:datafield><marc:datafield tag="260" ind1=" " ind2=" "><marc:subfield code="a">Hoboken, N.J. :</marc:subfield><marc:subfield code="b">Wiley Pub.,</marc:subfield><marc:subfield code="c">c2006.</marc:subfield></marc:datafield><marc:datafield tag="300" ind1=" " ind2=" "><marc:subfield code="a">vii, 178 p. :</marc:subfield><marc:subfield code="b">ill. ;</marc:subfield><marc:subfield code="c">22 cm.</marc:subfield></marc:datafield><marc:datafield tag="546" ind1=" " ind2=" "><marc:subfield code="a">Original text with parallel modern English translation.</marc:subfield></marc:datafield><marc:datafield tag="600" ind1="0" ind2="0"><marc:subfield code="a">Macbeth,</marc:subfield><marc:subfield code="c">King of Scotland,</marc:subfield><marc:subfield code="d">active 11th century</marc:subfield><marc:subfield code="v">Drama.</marc:subfield></marc:datafield><marc:datafield tag="650" ind1=" " ind2="0"><marc:subfield code="a">Regicides</marc:subfield><marc:subfield code="v">Drama.</marc:subfield></marc:datafield><marc:datafield tag="651" ind1=" " ind2="0"><marc:subfield code="a">Scotland</marc:subfield><marc:subfield code="x">Kings and rulers</marc:subfield><marc:subfield code="v">Drama.</marc:subfield></marc:datafield><marc:datafield tag="700" ind1="1" ind2=" "><marc:subfield code="a">Snodgrass, Mary Ellen.</marc:subfield></marc:datafield><marc:datafield tag="800" ind1="1" ind2=" "><marc:subfield code="a">Shakespeare, William,</marc:subfield><marc:subfield code="d">1564-1616.</marc:subfield><marc:subfield code="t">Works.</marc:subfield><marc:subfield code="f">2006.</marc:subfield><marc:subfield code="s">John Wiley &amp; Sons.</marc:subfield></marc:datafield><marc:datafield tag="856" ind1="4" ind2="8"><marc:subfield code="3">Table of contents only</marc:subfield><marc:subfield code="u">http://www.loc.gov/catdir/toc/ecip0616/2006020723.html</marc:subfield></marc:datafield><marc:datafield tag="907" ind1=" " ind2=" "><marc:subfield code="a">b4963641</marc:subfield></marc:datafield><marc:datafield tag="919" ind1=" " ind2=" "><marc:subfield code="t">Macbeth Is</marc:subfield></marc:datafield><marc:datafield tag="999" ind1="9" ind2="1"><marc:subfield code="i">i6538079</marc:subfield><marc:subfield code="l">ddda</marc:subfield><marc:subfield code="s">-</marc:subfield><marc:subfield code="t">0</marc:subfield><marc:subfield code="c">1</marc:subfield><marc:subfield code="o">9</marc:subfield><marc:subfield code="b">00027282459</marc:subfield><marc:subfield code="p">05000</marc:subfield><marc:subfield code="q">|aPR2823|b.A1 2006b</marc:subfield></marc:datafield><marc:datafield tag="999" ind1="0" ind2="0"><marc:subfield code="a">2007-01-11 00:00:00-05</marc:subfield><marc:subfield code="c">2007-01-10 09:28:14-05</marc:subfield><marc:subfield code="u">2017-11-11 09:50:32.407-05</marc:subfield></marc:datafield></marc:record>