
<marc:record><marc:leader>01742cam a2200313   4500</marc:leader>
<marc:controlfield tag="006">m|||||o  d |</marc:controlfield>
<marc:controlfield tag="008">790922s1785    enk|||| o     00||||eng c</marc:controlfield><marc:controlfield tag="007">cr||n||||||||n</marc:controlfield><marc:controlfield tag="001">ESTCT62227</marc:controlfield><marc:controlfield tag="003">CU-RivES</marc:controlfield><marc:controlfield tag="005">20070912152000.0</marc:controlfield><marc:datafield tag="035" ind1=" " ind2=" "><marc:subfield code="a">(Uk-ES)006333442</marc:subfield></marc:datafield><marc:datafield tag="040" ind1=" " ind2=" "><marc:subfield code="a">Uk-ES</marc:subfield><marc:subfield code="c">Uk-ES</marc:subfield><marc:subfield code="d">CStRLIN</marc:subfield><marc:subfield code="d">CU-RivES</marc:subfield><marc:subfield code="d">Cengage Gale</marc:subfield></marc:datafield><marc:datafield tag="100" ind1="1" ind2=" "><marc:subfield code="a">Shakespeare, William,</marc:subfield><marc:subfield code="d">1564-1616.</marc:subfield></marc:datafield><marc:datafield tag="245" ind1="1" ind2="0"><marc:subfield code="a">Macbeth</marc:subfield><marc:subfield code="h">[electronic resource] :</marc:subfield><marc:subfield code="b">A tragedy. Written by William Shakspeare. Taken from the managers books, at the theatres Drury-Lane and Covent-Garden.</marc:subfield></marc:datafield><marc:datafield tag="260" ind1=" " ind2=" "><marc:subfield code="a">London :</marc:subfield><marc:subfield code="b">printed for the proprietors, and sold by R. Randall, No. 4, Shoe-Lane, Fleet-Street, and all Booksellers in England, Scotland, and Ireland,</marc:subfield><marc:subfield code="c">MDCCLXXXV. [1785]</marc:subfield></marc:datafield><marc:datafield tag="300" ind1=" " ind2=" "><marc:subfield code="a">60p. ;</marc:subfield><marc:subfield code="c">12â°.</marc:subfield></marc:datafield><marc:datafield tag="500" ind1=" " ind2=" "><marc:subfield code="a">Reproduction of original from British Library.</marc:subfield></marc:datafield><marc:datafield tag="506" ind1="1" ind2=" "><marc:subfield code="a">Access limited to UNC Chapel Hill-authenticated users.</marc:subfield><marc:subfield code="f">Unlimited simultaneous users</marc:subfield></marc:datafield><marc:datafield tag="510" ind1="4" ind2=" "><marc:subfield code="a">English Short Title Catalog,</marc:subfield><marc:subfield code="c">T62227.</marc:subfield></marc:datafield><marc:datafield tag="600" ind1="1" ind2="0"><marc:subfield code="a">Shakespeare, William,</marc:subfield><marc:subfield code="d">1564-1616</marc:subfield><marc:subfield code="x">Stage history.</marc:subfield></marc:datafield><marc:datafield tag="600" ind1="0" ind2="0"><marc:subfield code="a">Macbeth,</marc:subfield><marc:subfield code="c">King of Scotland,</marc:subfield><marc:subfield code="d">active 11th century</marc:subfield><marc:subfield code="v">Drama.</marc:subfield></marc:datafield><marc:datafield tag="650" ind1=" " ind2="0"><marc:subfield code="a">Promptbooks.</marc:subfield></marc:datafield><marc:datafield tag="752" ind1=" " ind2=" "><marc:subfield code="a">Great Britain</marc:subfield><marc:subfield code="b">England</marc:subfield><marc:subfield code="d">London.</marc:subfield></marc:datafield><marc:datafield tag="773" ind1="0" ind2=" "><marc:subfield code="t">Eighteenth century collections online (online collection). Part 1</marc:subfield></marc:datafield><marc:datafield tag="856" ind1="4" ind2="0"><marc:subfield code="u">http://libproxy.lib.unc.edu/login?url=http://find.galegroup.com/ecco/infomark.do?contentSet=ECCOArticles&amp;docType=ECCOArticles&amp;bookId=0059002400&amp;type=getFullCitation&amp;tabID=T001&amp;prodId=ECCO&amp;docLevel=TEXT_GRAPHICS&amp;version=1.0&amp;source=library&amp;userGroupName=unc_main</marc:subfield><marc:subfield code="y">Full text available via the UNC-Chapel Hill Libraries</marc:subfield><marc:subfield code="x">ECCO electronic book</marc:subfield></marc:datafield><marc:datafield tag="907" ind1=" " ind2=" "><marc:subfield code="a">b5048122</marc:subfield></marc:datafield><marc:datafield tag="919" ind1=" " ind2=" "><marc:subfield code="t">Macbeth Is</marc:subfield></marc:datafield><marc:datafield tag="999" ind1="0" ind2="0"><marc:subfield code="a">2011-02-24 00:00:00-05</marc:subfield><marc:subfield code="c">2007-02-09 12:51:59-05</marc:subfield><marc:subfield code="u">2017-03-17 07:41:31-04</marc:subfield></marc:datafield></marc:record>