
<marc:record><marc:leader>01483nam a22002771a 4500</marc:leader>
<marc:controlfield tag="006">m        d</marc:controlfield>
<marc:controlfield tag="008">020621r19941623xxk                 eng d</marc:controlfield><marc:controlfield tag="007">cr||||||||||||</marc:controlfield><marc:controlfield tag="001">LIONZ000118547</marc:controlfield><marc:controlfield tag="003">Uk-CbPIL</marc:controlfield><marc:controlfield tag="005">20070524110546.0</marc:controlfield><marc:datafield tag="040" ind1=" " ind2=" "><marc:subfield code="a">UK-CbPIL</marc:subfield><marc:subfield code="c">UK-CbPIL</marc:subfield></marc:datafield><marc:datafield tag="100" ind1="1" ind2=" "><marc:subfield code="a">Shakespeare, William,</marc:subfield><marc:subfield code="d">1564-1616.</marc:subfield></marc:datafield><marc:datafield tag="245" ind1="1" ind2="0"><marc:subfield code="a">Macbeth</marc:subfield><marc:subfield code="h">[electronic resource].</marc:subfield></marc:datafield><marc:datafield tag="256" ind1=" " ind2=" "><marc:subfield code="a">Electronic data.</marc:subfield></marc:datafield><marc:datafield tag="260" ind1=" " ind2=" "><marc:subfield code="a">Cambridge :</marc:subfield><marc:subfield code="b">Chadwyck-Healey,</marc:subfield><marc:subfield code="c">1994.</marc:subfield></marc:datafield><marc:datafield tag="500" ind1=" " ind2=" "><marc:subfield code="a">Preliminaries omitted. Commendatory poems included with The Tempest..</marc:subfield></marc:datafield><marc:datafield tag="506" ind1="1" ind2=" "><marc:subfield code="a">Access limited to UNC Chapel Hill-authenticated users.</marc:subfield><marc:subfield code="f">Unlimited simultaneous users</marc:subfield></marc:datafield><marc:datafield tag="534" ind1=" " ind2=" "><marc:subfield code="p">Transcribed from:</marc:subfield><marc:subfield code="a">Shakespeare, William, 1564-1616.</marc:subfield><marc:subfield code="t">Mr. William Shakespeares comedies, histories, &amp; tragedies. Published according to the true originall copies</marc:subfield><marc:subfield code="c">London : Printed by Isaac Iaggard, and Ed. Blount, 1623.</marc:subfield><marc:subfield code="e">[11], 303, 232, [28], 993 [i.e. 299] p.</marc:subfield></marc:datafield><marc:datafield tag="538" ind1=" " ind2=" "><marc:subfield code="a">Mode of access: World Wide Web.</marc:subfield></marc:datafield><marc:datafield tag="700" ind1="1" ind2=" "><marc:subfield code="a">Middleton, Thomas,</marc:subfield><marc:subfield code="d">-1627,</marc:subfield><marc:subfield code="e">attributed name.</marc:subfield></marc:datafield><marc:datafield tag="773" ind1="0" ind2=" "><marc:subfield code="t">Literature online (online collection). Texts. Drama. English drama</marc:subfield></marc:datafield><marc:datafield tag="856" ind1="4" ind2="0"><marc:subfield code="s">192Kb</marc:subfield><marc:subfield code="u">http://libproxy.lib.unc.edu/login?url=http://gateway.proquest.com/openurl?ctx_ver=Z39.88-2003&amp;xri:pqil:res_ver=0.2&amp;res_id=xri:lion-us&amp;rft_id=xri:lion:dr:Z000118547</marc:subfield><marc:subfield code="y">Full text available via the UNC-Chapel Hill Libraries</marc:subfield><marc:subfield code="x">LION electronic book</marc:subfield></marc:datafield><marc:datafield tag="907" ind1=" " ind2=" "><marc:subfield code="a">b5241983</marc:subfield></marc:datafield><marc:datafield tag="919" ind1=" " ind2=" "><marc:subfield code="t">Macbeth Is</marc:subfield></marc:datafield><marc:datafield tag="999" ind1="0" ind2="0"><marc:subfield code="a">2007-08-09 00:00:00-04</marc:subfield><marc:subfield code="c">2007-08-09 10:17:36-04</marc:subfield><marc:subfield code="u">2017-03-20 10:22:12-04</marc:subfield></marc:datafield></marc:record>