
<marc:record><marc:leader>01446nam a22003011a 4500</marc:leader>
<marc:controlfield tag="006">m        d</marc:controlfield>
<marc:controlfield tag="008">060616r20061865xxk                 eng d</marc:controlfield><marc:controlfield tag="007">cr||||||||||||</marc:controlfield><marc:controlfield tag="001">LIONZ000849797</marc:controlfield><marc:controlfield tag="003">Uk-CbPIL</marc:controlfield><marc:controlfield tag="005">20071126164331.0</marc:controlfield><marc:datafield tag="040" ind1=" " ind2=" "><marc:subfield code="a">UK-CbPIL</marc:subfield><marc:subfield code="c">UK-CbPIL</marc:subfield></marc:datafield><marc:datafield tag="100" ind1="1" ind2=" "><marc:subfield code="a">Shakespeare, William,</marc:subfield><marc:subfield code="d">1564-1616.</marc:subfield></marc:datafield><marc:datafield tag="245" ind1="1" ind2="0"><marc:subfield code="a">Macbeth</marc:subfield><marc:subfield code="h">[electronic resource].</marc:subfield></marc:datafield><marc:datafield tag="256" ind1=" " ind2=" "><marc:subfield code="a">Electronic data.</marc:subfield></marc:datafield><marc:datafield tag="260" ind1=" " ind2=" "><marc:subfield code="a">Cambridge :</marc:subfield><marc:subfield code="b">ProQuest Information and Learning,</marc:subfield><marc:subfield code="c">2006.</marc:subfield></marc:datafield><marc:datafield tag="500" ind1=" " ind2=" "><marc:subfield code="a">Only poems included.</marc:subfield></marc:datafield><marc:datafield tag="506" ind1="1" ind2=" "><marc:subfield code="a">Access limited to UNC Chapel Hill-authenticated users.</marc:subfield><marc:subfield code="f">Unlimited simultaneous users</marc:subfield></marc:datafield><marc:datafield tag="534" ind1=" " ind2=" "><marc:subfield code="p">Transcribed from:</marc:subfield><marc:subfield code="a">Shakespeare, William, 1564-1616.</marc:subfield><marc:subfield code="t">Macbeth [in, The works of William Shakespeare. Volume VII]</marc:subfield><marc:subfield code="c">Cambridge : Macmillan and Co., 1865.</marc:subfield><marc:subfield code="e">9 v.</marc:subfield></marc:datafield><marc:datafield tag="538" ind1=" " ind2=" "><marc:subfield code="a">Mode of access: World Wide Web.</marc:subfield></marc:datafield><marc:datafield tag="700" ind1="1" ind2=" "><marc:subfield code="a">Clark, William George,</marc:subfield><marc:subfield code="d">1821-1878,</marc:subfield><marc:subfield code="e">editor.</marc:subfield></marc:datafield><marc:datafield tag="700" ind1="1" ind2=" "><marc:subfield code="a">Glover, John,</marc:subfield><marc:subfield code="e">editor.</marc:subfield></marc:datafield><marc:datafield tag="700" ind1="1" ind2=" "><marc:subfield code="a">Wright, William Aldis,</marc:subfield><marc:subfield code="d">1831-1914,</marc:subfield><marc:subfield code="e">editor.</marc:subfield></marc:datafield><marc:datafield tag="773" ind1="0" ind2=" "><marc:subfield code="t">Literature online (online collection). Texts. Drama. English drama</marc:subfield></marc:datafield><marc:datafield tag="856" ind1="4" ind2="0"><marc:subfield code="s">254Kb</marc:subfield><marc:subfield code="u">http://libproxy.lib.unc.edu/login?url=http://gateway.proquest.com/openurl?ctx_ver=Z39.88-2003&amp;xri:pqil:res_ver=0.2&amp;res_id=xri:lion-us&amp;rft_id=xri:lion:dr:Z000849797</marc:subfield><marc:subfield code="y">Full text available via the UNC-Chapel Hill Libraries</marc:subfield><marc:subfield code="x">LION electronic book</marc:subfield></marc:datafield><marc:datafield tag="907" ind1=" " ind2=" "><marc:subfield code="a">b5242281</marc:subfield></marc:datafield><marc:datafield tag="919" ind1=" " ind2=" "><marc:subfield code="t">Macbeth Is</marc:subfield></marc:datafield><marc:datafield tag="999" ind1="0" ind2="0"><marc:subfield code="a">2008-03-07 00:00:00-05</marc:subfield><marc:subfield code="c">2007-08-09 10:19:08-04</marc:subfield><marc:subfield code="u">2017-03-20 10:22:12-04</marc:subfield></marc:datafield></marc:record>