
<marc:record><marc:leader>00931cam a2200265Ia 4500</marc:leader>
<marc:controlfield tag="008">731214s1964    sp            000 d spa d</marc:controlfield>
<marc:controlfield tag="001">760281</marc:controlfield><marc:controlfield tag="003">OCoLC</marc:controlfield><marc:controlfield tag="005">20071101124602.0</marc:controlfield><marc:datafield tag="035" ind1=" " ind2=" "><marc:subfield code="a">(OCoLC)760281</marc:subfield></marc:datafield><marc:datafield tag="040" ind1=" " ind2=" "><marc:subfield code="a">DAY</marc:subfield><marc:subfield code="c">DAY</marc:subfield><marc:subfield code="d">OCL</marc:subfield><marc:subfield code="d">NOC</marc:subfield></marc:datafield><marc:datafield tag="041" ind1="1" ind2=" "><marc:subfield code="a">spa</marc:subfield><marc:subfield code="h">eng</marc:subfield></marc:datafield><marc:datafield tag="049" ind1=" " ind2=" "><marc:subfield code="a">NODV</marc:subfield></marc:datafield><marc:datafield tag="100" ind1="1" ind2=" "><marc:subfield code="a">Shakespeare, William,</marc:subfield><marc:subfield code="d">1564-1616.</marc:subfield></marc:datafield><marc:datafield tag="240" ind1="1" ind2="0"><marc:subfield code="a">Macbeth.</marc:subfield><marc:subfield code="l">Spanish</marc:subfield></marc:datafield><marc:datafield tag="245" ind1="1" ind2="0"><marc:subfield code="a">Macbeth :</marc:subfield><marc:subfield code="b">tragedia en tres actos /</marc:subfield><marc:subfield code="c">original de William Shakespeare ; versión española de Fernando Díaz-Plaja.</marc:subfield></marc:datafield><marc:datafield tag="260" ind1=" " ind2=" "><marc:subfield code="a">[Madrid] :</marc:subfield><marc:subfield code="b">Ediciones Alfil,</marc:subfield><marc:subfield code="c">1964.</marc:subfield></marc:datafield><marc:datafield tag="300" ind1=" " ind2=" "><marc:subfield code="a">87 p. ;</marc:subfield><marc:subfield code="c">16 cm.</marc:subfield></marc:datafield><marc:datafield tag="700" ind1="1" ind2=" "><marc:subfield code="a">Díaz-Plaja, Fernando.</marc:subfield></marc:datafield><marc:datafield tag="830" ind1=" " ind2="0"><marc:subfield code="a">Colección Teatro (Escelicer) ;</marc:subfield><marc:subfield code="v">424.</marc:subfield></marc:datafield><marc:datafield tag="830" ind1=" " ind2="0"><marc:subfield code="a">Coleccion Alfil (Madrid, Spain)</marc:subfield></marc:datafield><marc:datafield tag="907" ind1=" " ind2=" "><marc:subfield code="a">b5296419</marc:subfield></marc:datafield><marc:datafield tag="919" ind1=" " ind2=" "><marc:subfield code="t">Macbeth Is</marc:subfield></marc:datafield><marc:datafield tag="999" ind1="9" ind2="1"><marc:subfield code="i">i6974148</marc:subfield><marc:subfield code="l">trln</marc:subfield><marc:subfield code="s">-</marc:subfield><marc:subfield code="t">0</marc:subfield><marc:subfield code="c">1</marc:subfield><marc:subfield code="o">0</marc:subfield><marc:subfield code="b">00029607774</marc:subfield><marc:subfield code="p">092##</marc:subfield><marc:subfield code="q">|a862.8|bC695, no. 424</marc:subfield><marc:subfield code="v">no. 424</marc:subfield></marc:datafield><marc:datafield tag="999" ind1="0" ind2="0"><marc:subfield code="a">2007-11-01 00:00:00-04</marc:subfield><marc:subfield code="c">2007-11-01 14:03:00-04</marc:subfield><marc:subfield code="u">2017-11-15 15:46:10-05</marc:subfield></marc:datafield></marc:record>