
<marc:record><marc:leader>01652nam a2200301   4500</marc:leader>
<marc:controlfield tag="006">m        d</marc:controlfield>
<marc:controlfield tag="008">870429s1731    stk|||| s     00||||eng c</marc:controlfield><marc:controlfield tag="007">cr||n||||||||n</marc:controlfield><marc:controlfield tag="001">T170599</marc:controlfield><marc:controlfield tag="003">CU-RivES</marc:controlfield><marc:controlfield tag="005">20070910173000.0</marc:controlfield><marc:datafield tag="035" ind1=" " ind2=" "><marc:subfield code="a">(Uk-ES)006265422</marc:subfield></marc:datafield><marc:datafield tag="040" ind1=" " ind2=" "><marc:subfield code="a">Uk-ES</marc:subfield><marc:subfield code="c">Uk-ES</marc:subfield><marc:subfield code="d">CU-RivES</marc:subfield><marc:subfield code="d">CStRLIN</marc:subfield><marc:subfield code="d">CU-RivES</marc:subfield><marc:subfield code="d">Cengage Gale</marc:subfield></marc:datafield><marc:datafield tag="100" ind1="1" ind2=" "><marc:subfield code="a">Shakespeare, William,</marc:subfield><marc:subfield code="d">1564-1616.</marc:subfield></marc:datafield><marc:datafield tag="245" ind1="1" ind2="0"><marc:subfield code="a">Macbeth.</marc:subfield><marc:subfield code="h">[electronic resource] :</marc:subfield><marc:subfield code="b">A tragedy; as it is now acted at the New Theatre of Edinburgh. Written by Mr. Shakespear, with alterations by Mr. Tate.</marc:subfield></marc:datafield><marc:datafield tag="260" ind1=" " ind2=" "><marc:subfield code="a">Edinburgh :</marc:subfield><marc:subfield code="b">Printed by T. and W. Ruddimans for Allan Ramsay, and sold at his Shop,</marc:subfield><marc:subfield code="c">1731.</marc:subfield></marc:datafield><marc:datafield tag="300" ind1=" " ind2=" "><marc:subfield code="a">1 online resource ([2],72p.)</marc:subfield></marc:datafield><marc:datafield tag="500" ind1=" " ind2=" "><marc:subfield code="a">Price on title page: Price One Shilling.</marc:subfield></marc:datafield><marc:datafield tag="500" ind1=" " ind2=" "><marc:subfield code="a">Reproduction of original from National Library of Scotland.</marc:subfield></marc:datafield><marc:datafield tag="506" ind1="1" ind2=" "><marc:subfield code="a">Access limited to UNC Chapel Hill-authenticated users.</marc:subfield><marc:subfield code="f">Unlimited simultaneous users</marc:subfield></marc:datafield><marc:datafield tag="510" ind1="4" ind2=" "><marc:subfield code="a">English Short Title Catalog,</marc:subfield><marc:subfield code="c">T170599.</marc:subfield></marc:datafield><marc:datafield tag="600" ind1="0" ind2="0"><marc:subfield code="a">Macbeth,</marc:subfield><marc:subfield code="c">King of Scotland,</marc:subfield><marc:subfield code="d">active 11th century</marc:subfield><marc:subfield code="v">Drama.</marc:subfield></marc:datafield><marc:datafield tag="752" ind1=" " ind2=" "><marc:subfield code="a">Great Britain</marc:subfield><marc:subfield code="b">Scotland</marc:subfield><marc:subfield code="d">Edinburgh.</marc:subfield></marc:datafield><marc:datafield tag="773" ind1="0" ind2=" "><marc:subfield code="t">Eighteenth century collections online (online collection). Part 2</marc:subfield></marc:datafield><marc:datafield tag="856" ind1="4" ind2="0"><marc:subfield code="u">http://libproxy.lib.unc.edu/login?url=http://find.galegroup.com/ecco/infomark.do?contentSet=ECCOArticles&amp;docType=ECCOArticles&amp;bookId=1721000900&amp;type=getFullCitation&amp;tabID=T001&amp;prodId=ECCO&amp;docLevel=TEXT_GRAPHICS&amp;version=1.0&amp;source=library&amp;userGroupName=unc_main</marc:subfield><marc:subfield code="y">Full text available via UNC-Chapel Hill</marc:subfield><marc:subfield code="x">ECCO electronic book</marc:subfield></marc:datafield><marc:datafield tag="907" ind1=" " ind2=" "><marc:subfield code="a">b6094973</marc:subfield></marc:datafield><marc:datafield tag="919" ind1=" " ind2=" "><marc:subfield code="t">Macbeth Is</marc:subfield></marc:datafield><marc:datafield tag="999" ind1="0" ind2="0"><marc:subfield code="a">2002-01-01 00:00:00-05</marc:subfield><marc:subfield code="c">2010-02-10 08:16:47-05</marc:subfield><marc:subfield code="u">2017-03-17 08:07:00-04</marc:subfield></marc:datafield></marc:record>