
<marc:record><marc:leader>01171cam a2200265 i 4500</marc:leader>
<marc:controlfield tag="006">m    |   d |</marc:controlfield>
<marc:controlfield tag="008">850614s1816    nyu     o     000 0 eng d</marc:controlfield><marc:controlfield tag="007">cr mn mmmmabba</marc:controlfield><marc:controlfield tag="001">aas04306781</marc:controlfield><marc:controlfield tag="005">20021212165851.0</marc:controlfield><marc:datafield tag="040" ind1=" " ind2=" "><marc:subfield code="a">CSt</marc:subfield><marc:subfield code="c">MWA</marc:subfield></marc:datafield><marc:datafield tag="100" ind1="1" ind2=" "><marc:subfield code="a">Shakespeare, William,</marc:subfield><marc:subfield code="d">1564-1616.</marc:subfield></marc:datafield><marc:datafield tag="245" ind1="1" ind2="0"><marc:subfield code="a">Macbeth</marc:subfield><marc:subfield code="h">[electronic resource] :</marc:subfield><marc:subfield code="b">a tragedy, in five acts : as altered and performed at the American theatres /</marc:subfield><marc:subfield code="c">by William Shakespeare.</marc:subfield></marc:datafield><marc:datafield tag="260" ind1=" " ind2=" "><marc:subfield code="a">New-York :</marc:subfield><marc:subfield code="b">David Longworth,</marc:subfield><marc:subfield code="c">1816.</marc:subfield></marc:datafield><marc:datafield tag="300" ind1=" " ind2=" "><marc:subfield code="a">1 online resource (58 p.)</marc:subfield></marc:datafield><marc:datafield tag="506" ind1="1" ind2=" "><marc:subfield code="a">Access limited to UNC Chapel Hill-authenticated users.</marc:subfield><marc:subfield code="f">Unlimited simultaneous users</marc:subfield></marc:datafield><marc:datafield tag="510" ind1="4" ind2=" "><marc:subfield code="a">Shaw &amp; Shoemaker</marc:subfield><marc:subfield code="c">38923</marc:subfield></marc:datafield><marc:datafield tag="588" ind1=" " ind2=" "><marc:subfield code="a">Description based on microform record.</marc:subfield></marc:datafield><marc:datafield tag="700" ind1="1" ind2=" "><marc:subfield code="a">Croft, John,</marc:subfield><marc:subfield code="d">1732-1820.</marc:subfield></marc:datafield><marc:datafield tag="752" ind1=" " ind2=" "><marc:subfield code="a">United States</marc:subfield><marc:subfield code="b">New York</marc:subfield><marc:subfield code="d">New York.</marc:subfield></marc:datafield><marc:datafield tag="773" ind1="0" ind2=" "><marc:subfield code="t">Early American imprints, series 2: Shaw-Shoemaker (online collection)</marc:subfield></marc:datafield><marc:datafield tag="856" ind1="4" ind2="0"><marc:subfield code="y">Full text available via the UNC-Chapel Hill Libraries</marc:subfield><marc:subfield code="u">http://libproxy.lib.unc.edu/login?url=http://opac.newsbank.com/select/shaw/38923</marc:subfield></marc:datafield><marc:datafield tag="907" ind1=" " ind2=" "><marc:subfield code="a">b6730059</marc:subfield></marc:datafield><marc:datafield tag="919" ind1=" " ind2=" "><marc:subfield code="t">Macbeth Is</marc:subfield></marc:datafield><marc:datafield tag="999" ind1="0" ind2="0"><marc:subfield code="a">2011-05-25 00:00:00-04</marc:subfield><marc:subfield code="c">2011-05-25 17:01:50-04</marc:subfield><marc:subfield code="u">2017-03-20 10:46:36-04</marc:subfield></marc:datafield></marc:record>