
<marc:record><marc:leader>01427cam a2200289La 4500</marc:leader>
<marc:controlfield tag="006">m    |o  d |</marc:controlfield>
<marc:controlfield tag="008">941018s1810    gw      o     000 d ger d</marc:controlfield><marc:controlfield tag="007">cr |n||||||||n</marc:controlfield><marc:controlfield tag="001">NCCO009798</marc:controlfield><marc:controlfield tag="003">MiFhGG</marc:controlfield><marc:controlfield tag="005">20130121152012.0</marc:controlfield><marc:datafield tag="019" ind1=" " ind2=" "><marc:subfield code="a">503892615</marc:subfield></marc:datafield><marc:datafield tag="035" ind1=" " ind2=" "><marc:subfield code="a">(OCoLC)830976182</marc:subfield></marc:datafield><marc:datafield tag="040" ind1=" " ind2=" "><marc:subfield code="a">MIGCL</marc:subfield><marc:subfield code="c">UtOrBLW</marc:subfield></marc:datafield><marc:datafield tag="041" ind1="1" ind2=" "><marc:subfield code="a">ger</marc:subfield><marc:subfield code="h">eng</marc:subfield></marc:datafield><marc:datafield tag="100" ind1="1" ind2=" "><marc:subfield code="a">Shakespeare, William,</marc:subfield><marc:subfield code="d">1564-1616.</marc:subfield></marc:datafield><marc:datafield tag="245" ind1="1" ind2="0"><marc:subfield code="a">Macbeth</marc:subfield><marc:subfield code="h">[electronic resource] :</marc:subfield><marc:subfield code="b">ein Trauerspiel /</marc:subfield><marc:subfield code="c">von Shakspeare ; übersetzt von Johann Friedrich Wilhelm Möller.</marc:subfield></marc:datafield><marc:datafield tag="260" ind1=" " ind2=" "><marc:subfield code="a">Hannover :</marc:subfield><marc:subfield code="b">G. Hayn,</marc:subfield><marc:subfield code="c">1810.</marc:subfield></marc:datafield><marc:datafield tag="300" ind1=" " ind2=" "><marc:subfield code="a">1 online resource ([1], 157 p.).</marc:subfield></marc:datafield><marc:datafield tag="506" ind1="1" ind2=" "><marc:subfield code="a">Access limited to UNC Chapel Hill-authenticated users.</marc:subfield><marc:subfield code="f">Unlimited simultaneous users</marc:subfield></marc:datafield><marc:datafield tag="700" ind1="1" ind2=" "><marc:subfield code="a">Möller, Johann Friedrich Wilhelm.</marc:subfield></marc:datafield><marc:datafield tag="773" ind1="0" ind2=" "><marc:subfield code="t">Nineteenth century collections online (online collection). European literature, 1790-1840: the Corvey collection. E-books</marc:subfield></marc:datafield><marc:datafield tag="856" ind1="4" ind2="0"><marc:subfield code="y">Full text available via the UNC-Chapel Hill Libraries</marc:subfield><marc:subfield code="u">http://libproxy.lib.unc.edu/login?url=http://ncco.galegroup.com/gdc/ncco/MonographsDetailsPage/MonographsDetailsWindow?disableHighlighting=false&amp;prodId=NCCO&amp;action=1&amp;activityType=BasicSearch&amp;javax.portlet.action=viewPortletAction&amp;documentId=GALE%7CAQDCZZ057016494&amp;dviSelectedPage=1&amp;userGroupName=unc_main</marc:subfield><marc:subfield code="x">NCCO</marc:subfield></marc:datafield><marc:datafield tag="919" ind1=" " ind2=" "><marc:subfield code="t">Macbeth Is</marc:subfield></marc:datafield><marc:datafield tag="919" ind1=" " ind2=" "><marc:subfield code="a">NCCO</marc:subfield></marc:datafield><marc:datafield tag="907" ind1=" " ind2="1"><marc:subfield code="a">b7367479</marc:subfield></marc:datafield><marc:datafield tag="999" ind1="0" ind2="0"><marc:subfield code="a">2013-04-05 00:00:00-04</marc:subfield><marc:subfield code="c">2013-04-05 12:40:22-04</marc:subfield><marc:subfield code="u">2017-11-15 15:46:10-05</marc:subfield></marc:datafield></marc:record>