
<marc:record><marc:leader>01433nam a2200349Ia 4500</marc:leader>
<marc:controlfield tag="006">m     o  d |</marc:controlfield>
<marc:controlfield tag="007">cr cn||||||||a</marc:controlfield><marc:controlfield tag="008">070914s2010    mdu     o     000 0 eng d</marc:controlfield><marc:controlfield tag="001">EBC565617sub</marc:controlfield><marc:controlfield tag="003">MiAaPQ</marc:controlfield><marc:datafield tag="019" ind1=" " ind2=" "><marc:subfield code="a">ebr10407925</marc:subfield></marc:datafield><marc:datafield tag="020" ind1=" " ind2=" "><marc:subfield code="z">9781935550020</marc:subfield></marc:datafield><marc:datafield tag="035" ind1=" " ind2=" "><marc:subfield code="a">(OCoLC)742332892</marc:subfield></marc:datafield><marc:datafield tag="040" ind1=" " ind2=" "><marc:subfield code="a">MiAaPQ</marc:subfield><marc:subfield code="b">eng</marc:subfield><marc:subfield code="c">MiAaPQ</marc:subfield><marc:subfield code="d">MiAaPQ</marc:subfield></marc:datafield><marc:datafield tag="050" ind1=" " ind2="4"><marc:subfield code="a">PR2823.A2</marc:subfield><marc:subfield code="b">N49 2010</marc:subfield></marc:datafield><marc:datafield tag="100" ind1="1" ind2=" "><marc:subfield code="a">Shakespeare, William,</marc:subfield><marc:subfield code="d">1564-1616.</marc:subfield></marc:datafield><marc:datafield tag="245" ind1="1" ind2="4"><marc:subfield code="a">The tragedie of Macbeth</marc:subfield><marc:subfield code="h">[electronic resource] /</marc:subfield><marc:subfield code="c">written by William Shakespeare; abridged and edited by Nick Newlin.</marc:subfield></marc:datafield><marc:datafield tag="260" ind1=" " ind2=" "><marc:subfield code="a">Brandywine, MD :</marc:subfield><marc:subfield code="b">Nicolo Whimsey Press,</marc:subfield><marc:subfield code="c">c2010.</marc:subfield></marc:datafield><marc:datafield tag="300" ind1=" " ind2=" "><marc:subfield code="a">1 online resource (vii, 61 pages)</marc:subfield></marc:datafield><marc:datafield tag="336" ind1=" " ind2=" "><marc:subfield code="a">text</marc:subfield><marc:subfield code="b">txt</marc:subfield><marc:subfield code="2">rdacontent</marc:subfield></marc:datafield><marc:datafield tag="337" ind1=" " ind2=" "><marc:subfield code="a">computer</marc:subfield><marc:subfield code="b">c</marc:subfield><marc:subfield code="2">rdamedia</marc:subfield></marc:datafield><marc:datafield tag="338" ind1=" " ind2=" "><marc:subfield code="a">online resource</marc:subfield><marc:subfield code="b">cr</marc:subfield><marc:subfield code="2">rdacarrier</marc:subfield></marc:datafield><marc:datafield tag="506" ind1="1" ind2=" "><marc:subfield code="a">Access limited to UNC Chapel Hill-authenticated users.</marc:subfield><marc:subfield code="f">Unlimited simultaneous users</marc:subfield></marc:datafield><marc:datafield tag="600" ind1="1" ind2="0"><marc:subfield code="a">Shakespeare, William,</marc:subfield><marc:subfield code="d">1564-1616</marc:subfield><marc:subfield code="x">Tragedies.</marc:subfield></marc:datafield><marc:datafield tag="650" ind1=" " ind2="0"><marc:subfield code="a">English drama.</marc:subfield></marc:datafield><marc:datafield tag="700" ind1="1" ind2=" "><marc:subfield code="a">Newlin, Nick.</marc:subfield></marc:datafield><marc:datafield tag="773" ind1="0" ind2=" "><marc:subfield code="t">ProQuest Ebook Central (online collection). NCLIVE subscription ebooks</marc:subfield></marc:datafield><marc:datafield tag="830" ind1=" " ind2="0"><marc:subfield code="a">30-minute Shakespeare.</marc:subfield></marc:datafield><marc:datafield tag="856" ind1="4" ind2="0"><marc:subfield code="u">http://libproxy.lib.unc.edu/login?url=http://ebookcentral.proquest.com/lib/unc/detail.action?docID=565617</marc:subfield><marc:subfield code="y">Full text available via the UNC-Chapel Hill Libraries</marc:subfield></marc:datafield><marc:datafield tag="907" ind1=" " ind2=" "><marc:subfield code="a">b8063682</marc:subfield></marc:datafield><marc:datafield tag="919" ind1=" " ind2=" "><marc:subfield code="t">Macbeth Is</marc:subfield></marc:datafield><marc:datafield tag="999" ind1="0" ind2="0"><marc:subfield code="a">2017-10-31 00:00:00-04</marc:subfield><marc:subfield code="c">2015-01-13 09:35:10-05</marc:subfield><marc:subfield code="u">2017-11-03 10:31:34-04</marc:subfield></marc:datafield></marc:record>