
<marc:record><marc:leader>01223nim a22002892a 4500</marc:leader>
<marc:controlfield tag="006">m    |o  h |</marc:controlfield>
<marc:controlfield tag="007">cr nn||||||||a</marc:controlfield><marc:controlfield tag="007">sr nunnnnnnnuu</marc:controlfield><marc:controlfield tag="008">100518p20102003xxknnnn o      d  n eng d</marc:controlfield><marc:controlfield tag="001">LIONARK19</marc:controlfield><marc:controlfield tag="003">Uk-CbPIL</marc:controlfield><marc:controlfield tag="005">20100518000000.0</marc:controlfield><marc:datafield tag="028" ind1="4" ind2="1"><marc:subfield code="a">ARK19</marc:subfield><marc:subfield code="b">Arkangel Productions</marc:subfield></marc:datafield><marc:datafield tag="040" ind1=" " ind2=" "><marc:subfield code="a">UK-CbPIL</marc:subfield><marc:subfield code="c">UK-CbPIL</marc:subfield></marc:datafield><marc:datafield tag="100" ind1="1" ind2=" "><marc:subfield code="a">Shakespeare, William,</marc:subfield><marc:subfield code="d">1564-1616.</marc:subfield></marc:datafield><marc:datafield tag="245" ind1="1" ind2="0"><marc:subfield code="a">Macbeth</marc:subfield><marc:subfield code="h">[sound recording].</marc:subfield></marc:datafield><marc:datafield tag="260" ind1=" " ind2=" "><marc:subfield code="a">Cambridge [eng.] :</marc:subfield><marc:subfield code="b">Proquest LLC,</marc:subfield><marc:subfield code="c">2010-</marc:subfield></marc:datafield><marc:datafield tag="300" ind1=" " ind2=" "><marc:subfield code="a">1 online resource (28 sound files (2 hours 18 mins total))</marc:subfield></marc:datafield><marc:datafield tag="336" ind1=" " ind2=" "><marc:subfield code="a">spoken word</marc:subfield><marc:subfield code="b">spw</marc:subfield><marc:subfield code="2">rdacontent</marc:subfield></marc:datafield><marc:datafield tag="337" ind1=" " ind2=" "><marc:subfield code="a">computer</marc:subfield><marc:subfield code="b">c</marc:subfield><marc:subfield code="2">rdamedia</marc:subfield></marc:datafield><marc:datafield tag="338" ind1=" " ind2=" "><marc:subfield code="a">online resource</marc:subfield><marc:subfield code="b">cr</marc:subfield><marc:subfield code="2">rdacarrier</marc:subfield></marc:datafield><marc:datafield tag="506" ind1="1" ind2=" "><marc:subfield code="a">Access limited to UNC Chapel Hill-authenticated users.</marc:subfield><marc:subfield code="f">Unlimited simultaneous users</marc:subfield></marc:datafield><marc:datafield tag="773" ind1="0" ind2=" "><marc:subfield code="t">Literature online (online collection). Multimedia. Shakespeare audio plays</marc:subfield></marc:datafield><marc:datafield tag="856" ind1="4" ind2="0"><marc:subfield code="u">http://libproxy.lib.unc.edu/login?url=http://gateway.proquest.com/openurl?url_ver=Z39.88-2004&amp;res_dat=xri:lion-us&amp;rft_dat=xri:lion:shakespeare:ARK19</marc:subfield><marc:subfield code="y">Streaming audio available via the UNC-Chapel Hill Libraries</marc:subfield></marc:datafield><marc:datafield tag="907" ind1=" " ind2="1"><marc:subfield code="a">b8650872</marc:subfield></marc:datafield><marc:datafield tag="919" ind1=" " ind2=" "><marc:subfield code="t">Macbeth Is</marc:subfield></marc:datafield><marc:datafield tag="999" ind1="0" ind2="0"><marc:subfield code="a">2016-11-10 00:00:00-05</marc:subfield><marc:subfield code="c">2016-11-10 15:45:14-05</marc:subfield><marc:subfield code="u">2016-11-21 20:31:29-05</marc:subfield></marc:datafield></marc:record>