
<marc:record><marc:leader>01001cam a2200277Ia 4500</marc:leader>
<marc:controlfield tag="008">820802s1978    fr            000 0 fre d</marc:controlfield>
<marc:controlfield tag="001">8649678</marc:controlfield><marc:controlfield tag="005">19820802000000.0</marc:controlfield><marc:datafield tag="020" ind1=" " ind2=" "><marc:subfield code="a">2718601124</marc:subfield></marc:datafield><marc:datafield tag="040" ind1=" " ind2=" "><marc:subfield code="a">NOC</marc:subfield><marc:subfield code="c">NOC</marc:subfield></marc:datafield><marc:datafield tag="041" ind1="1" ind2=" "><marc:subfield code="a">fre</marc:subfield><marc:subfield code="h">eng</marc:subfield></marc:datafield><marc:datafield tag="100" ind1="1" ind2=" "><marc:subfield code="a">Shakespeare, William,</marc:subfield><marc:subfield code="d">1564-1616.</marc:subfield></marc:datafield><marc:datafield tag="240" ind1="1" ind2="0"><marc:subfield code="a">Hamlet.</marc:subfield><marc:subfield code="l">French</marc:subfield></marc:datafield><marc:datafield tag="245" ind1="1" ind2="0"><marc:subfield code="a">Pour Shakespeare :</marc:subfield><marc:subfield code="b">Hamlet, Macbeth /</marc:subfield><marc:subfield code="c">Vercors.</marc:subfield></marc:datafield><marc:datafield tag="260" ind1=" " ind2=" "><marc:subfield code="a">Paris :</marc:subfield><marc:subfield code="b">Éditions Galilée,</marc:subfield><marc:subfield code="c">1978.</marc:subfield></marc:datafield><marc:datafield tag="300" ind1=" " ind2=" "><marc:subfield code="a">281 p. ;</marc:subfield><marc:subfield code="c">22 cm.</marc:subfield></marc:datafield><marc:datafield tag="500" ind1=" " ind2=" "><marc:subfield code="a">Translations of: Hamlet, Macbeth.</marc:subfield></marc:datafield><marc:datafield tag="700" ind1="0" ind2=" "><marc:subfield code="a">Vercors,</marc:subfield><marc:subfield code="d">1902-1991.</marc:subfield></marc:datafield><marc:datafield tag="700" ind1="1" ind2="2"><marc:subfield code="a">Shakespeare, William,</marc:subfield><marc:subfield code="d">1564-1616.</marc:subfield><marc:subfield code="t">Hamlet.</marc:subfield><marc:subfield code="l">French.</marc:subfield><marc:subfield code="f">1978.</marc:subfield></marc:datafield><marc:datafield tag="700" ind1="1" ind2="2"><marc:subfield code="a">Shakespeare, William,</marc:subfield><marc:subfield code="d">1564-1616.</marc:subfield><marc:subfield code="t">Macbeth.</marc:subfield><marc:subfield code="l">French.</marc:subfield><marc:subfield code="f">1978.</marc:subfield></marc:datafield><marc:datafield tag="800" ind1="0" ind2=" "><marc:subfield code="a">Vercors,</marc:subfield><marc:subfield code="d">1902-1991.</marc:subfield><marc:subfield code="t">Plays ;</marc:subfield><marc:subfield code="v">2.</marc:subfield></marc:datafield><marc:datafield tag="830" ind1=" " ind2="0"><marc:subfield code="a">Théâtre/rupture.</marc:subfield></marc:datafield><marc:datafield tag="907" ind1=" " ind2=" "><marc:subfield code="a">b1839413</marc:subfield></marc:datafield><marc:datafield tag="919" ind1=" " ind2=" "><marc:subfield code="t">Macbeth Included</marc:subfield><marc:subfield code="t">Macbeth Is</marc:subfield></marc:datafield><marc:datafield tag="999" ind1="9" ind2="1"><marc:subfield code="i">i2658454</marc:subfield><marc:subfield code="l">ddda</marc:subfield><marc:subfield code="s">-</marc:subfield><marc:subfield code="t">0</marc:subfield><marc:subfield code="c">1</marc:subfield><marc:subfield code="o">2</marc:subfield><marc:subfield code="b">10002108862</marc:subfield><marc:subfield code="p">090##</marc:subfield><marc:subfield code="q">|aPR2779.H3 V47 1978</marc:subfield></marc:datafield><marc:datafield tag="999" ind1="0" ind2="0"><marc:subfield code="a">2004-10-01 00:00:00-04</marc:subfield><marc:subfield code="c">2004-09-30 09:25:57-04</marc:subfield><marc:subfield code="u">2017-11-15 15:38:30-05</marc:subfield></marc:datafield></marc:record>