
<marc:record><marc:leader>01536cam a2200277Ia 4500</marc:leader>
<marc:controlfield tag="008">840423s1823    mau           000 0 eng d</marc:controlfield>
<marc:controlfield tag="001">10652987</marc:controlfield><marc:controlfield tag="005">19950328140940.0</marc:controlfield><marc:datafield tag="040" ind1=" " ind2=" "><marc:subfield code="a">IXA</marc:subfield><marc:subfield code="c">IXA</marc:subfield><marc:subfield code="d">OCL</marc:subfield></marc:datafield><marc:datafield tag="100" ind1="1" ind2=" "><marc:subfield code="a">Vanbrugh, John,</marc:subfield><marc:subfield code="d">1664-1726.</marc:subfield></marc:datafield><marc:datafield tag="245" ind1="1" ind2="4"><marc:subfield code="a">The confederacy :</marc:subfield><marc:subfield code="b">a comedy /</marc:subfield><marc:subfield code="c">by Sir John Vanbrugh ; with prefatory remarks ; the only edition existing which is faithfully marked with the stage business, and stage directions, as it is performed at the Theatres Royal, by W. Oxberry, comedian.</marc:subfield></marc:datafield><marc:datafield tag="246" ind1="1" ind2="8"><marc:subfield code="a">Oxberry's edition of plays, vol. x</marc:subfield></marc:datafield><marc:datafield tag="250" ind1=" " ind2=" "><marc:subfield code="a">Oxberry's ed.</marc:subfield></marc:datafield><marc:datafield tag="260" ind1=" " ind2=" "><marc:subfield code="a">Boston :</marc:subfield><marc:subfield code="b">Wells and Lily,</marc:subfield><marc:subfield code="c">1823.</marc:subfield></marc:datafield><marc:datafield tag="300" ind1=" " ind2=" "><marc:subfield code="a">107 p. ;</marc:subfield><marc:subfield code="c">15 cm.</marc:subfield></marc:datafield><marc:datafield tag="500" ind1=" " ind2=" "><marc:subfield code="a">Adapted from Dancourt's Les bourgeoises à la mode.</marc:subfield></marc:datafield><marc:datafield tag="501" ind1=" " ind2=" "><marc:subfield code="a">With: Douglas : a tragedy / J. Home. Boston : Wells &amp; Lilly, 1823. --  Know your own mind : a comedy / A. Murphy. Boston : Wells &amp; Lilly, 1823. --  Macbeth : a tragedy / W. Shakespeare. Boston : Wells &amp; Lilly, 1823. --  Tobacconist : a farce / F. Gentleman. Boston : Wells &amp; Lilly, 1823.</marc:subfield></marc:datafield><marc:datafield tag="700" ind1="1" ind2=" "><marc:subfield code="a">Dancourt, Florent Carton,</marc:subfield><marc:subfield code="d">1661-1725.</marc:subfield><marc:subfield code="t">Bourgeoises à la mode.</marc:subfield></marc:datafield><marc:datafield tag="700" ind1="1" ind2="2"><marc:subfield code="a">Home, John,</marc:subfield><marc:subfield code="d">1722-1808.</marc:subfield><marc:subfield code="t">Douglas.</marc:subfield></marc:datafield><marc:datafield tag="700" ind1="1" ind2="2"><marc:subfield code="a">Murphy, Arthur,</marc:subfield><marc:subfield code="d">1727-1805.</marc:subfield><marc:subfield code="t">Know your own mind.</marc:subfield></marc:datafield><marc:datafield tag="700" ind1="1" ind2="2"><marc:subfield code="a">Shakespeare, William,</marc:subfield><marc:subfield code="d">1564-1616.</marc:subfield><marc:subfield code="t">Macbeth.</marc:subfield></marc:datafield><marc:datafield tag="700" ind1="1" ind2="2"><marc:subfield code="a">Gentleman, Francis,</marc:subfield><marc:subfield code="d">1728-1784.</marc:subfield><marc:subfield code="t">Tobacconist.</marc:subfield></marc:datafield><marc:datafield tag="907" ind1=" " ind2=" "><marc:subfield code="a">b2691602</marc:subfield></marc:datafield><marc:datafield tag="919" ind1=" " ind2=" "><marc:subfield code="t">Macbeth Included</marc:subfield></marc:datafield><marc:datafield tag="999" ind1="9" ind2="1"><marc:subfield code="i">i3873103</marc:subfield><marc:subfield code="l">trln</marc:subfield><marc:subfield code="s">-</marc:subfield><marc:subfield code="t">0</marc:subfield><marc:subfield code="c">1</marc:subfield><marc:subfield code="o">0</marc:subfield><marc:subfield code="b">00020928784</marc:subfield><marc:subfield code="p">092##</marc:subfield><marc:subfield code="q">|a822 V21c</marc:subfield></marc:datafield><marc:datafield tag="999" ind1="0" ind2="0"><marc:subfield code="a">2004-10-01 00:00:00-04</marc:subfield><marc:subfield code="c">2004-10-02 10:59:00-04</marc:subfield><marc:subfield code="u">2016-10-29 21:17:33-04</marc:subfield></marc:datafield></marc:record>