
<marc:record><marc:leader>02998cam a2200397Ma 4500</marc:leader>
<marc:controlfield tag="006">m        d</marc:controlfield>
<marc:controlfield tag="008">090810s1759    enk     s     000 0 eng d</marc:controlfield><marc:controlfield tag="007">cr |n||||||||n</marc:controlfield><marc:controlfield tag="001">moml506043031</marc:controlfield><marc:controlfield tag="003">OCoLC</marc:controlfield><marc:controlfield tag="005">20100429113740.0</marc:controlfield><marc:datafield tag="035" ind1=" " ind2=" "><marc:subfield code="a">(OCoLC)506043031</marc:subfield></marc:datafield><marc:datafield tag="040" ind1=" " ind2=" "><marc:subfield code="a">TGPSM</marc:subfield><marc:subfield code="c">BOL</marc:subfield><marc:subfield code="d">MIGCL</marc:subfield></marc:datafield><marc:datafield tag="043" ind1=" " ind2=" "><marc:subfield code="a">e-uk---</marc:subfield></marc:datafield><marc:datafield tag="049" ind1=" " ind2=" "><marc:subfield code="a">TEFA</marc:subfield></marc:datafield><marc:datafield tag="100" ind1="1" ind2=" "><marc:subfield code="a">Aram, Eugene,</marc:subfield><marc:subfield code="d">1704-1759.</marc:subfield></marc:datafield><marc:datafield tag="245" ind1="1" ind2="4"><marc:subfield code="a">The genuine account of the trial of Eugene Aram, for the murder of Daniel Clark, late of Knaresbrough, in the county of York, who was convicted at York assizes, August 3, 1759, before the Honourable William Noel, Esq., one of His Majesty's justices of the Court of Common Pleas</marc:subfield><marc:subfield code="h">[electronic resource] :</marc:subfield><marc:subfield code="b">to which, after a short narration of the fact is prefixed, an account of the remarkable discovery of the human skeleton at St. Robert's cave, where it had lain upwards of thirteen years, a detail of all the judicial proceedings from the time of the bones being found, to the commitment of Richard Houseman, Eugene Aram, and Henry Terry to York-Castle, the depositions of Anna Aram, Philip Coates, John Yates, &amp;c., the examination and confession of Richard Houseman, the apprehending of Eugene Aram, at Lynn, in Norfolk, with his examination and commitment : to which are added, the remarkable defence he made on his trial, his own account of himself, written after his condemnation, with the apology, which he left in his cell, for the attempt he made on his own life : all taken immediately from the original depositions, papers, &amp;c.</marc:subfield></marc:datafield><marc:datafield tag="250" ind1=" " ind2=" "><marc:subfield code="a">3rd ed.</marc:subfield></marc:datafield><marc:datafield tag="300" ind1=" " ind2=" "><marc:subfield code="a">279 p. in various pagings :</marc:subfield><marc:subfield code="b">ill.</marc:subfield></marc:datafield><marc:datafield tag="500" ind1=" " ind2=" "><marc:subfield code="a">Reproduction of the original from Harvard Law School Library.</marc:subfield></marc:datafield><marc:datafield tag="533" ind1=" " ind2=" "><marc:subfield code="a">Electronic reproduction.</marc:subfield><marc:subfield code="b">Farmington Hills, Mich. :</marc:subfield><marc:subfield code="c">Gale, a part of Cengage Learning,</marc:subfield><marc:subfield code="d">2007.</marc:subfield><marc:subfield code="n">Available via the World Wide Web.</marc:subfield><marc:subfield code="n">Access limited by licensing agreements.</marc:subfield><marc:subfield code="7">s2007    miunns</marc:subfield></marc:datafield><marc:datafield tag="600" ind1="1" ind2="0"><marc:subfield code="a">Clark, Daniel,</marc:subfield><marc:subfield code="d">-1745</marc:subfield><marc:subfield code="v">Early works to 1800.</marc:subfield></marc:datafield><marc:datafield tag="650" ind1=" " ind2="0"><marc:subfield code="a">Murderers</marc:subfield><marc:subfield code="z">Great Britain</marc:subfield><marc:subfield code="v">Early works to 1800.</marc:subfield></marc:datafield><marc:datafield tag="650" ind1=" " ind2="0"><marc:subfield code="a">Trials (Murder)</marc:subfield><marc:subfield code="z">Great Britain</marc:subfield><marc:subfield code="v">Early works to 1800.</marc:subfield></marc:datafield><marc:datafield tag="700" ind1="1" ind2="2"><marc:subfield code="a">Hoadly,</marc:subfield><marc:subfield code="c">Dr.</marc:subfield><marc:subfield code="q">(Benjamin),</marc:subfield><marc:subfield code="d">1706-1757.</marc:subfield><marc:subfield code="t">Suspicious husband, a comedy, as it is acted at the Theater-Royal in Drury-Lane.</marc:subfield></marc:datafield><marc:datafield tag="700" ind1="1" ind2="2"><marc:subfield code="a">Shakespeare, William,</marc:subfield><marc:subfield code="d">1564-1616.</marc:subfield><marc:subfield code="t">Macbeth, a tragedy.</marc:subfield></marc:datafield><marc:datafield tag="700" ind1="1" ind2="2"><marc:subfield code="a">Cowley, Hannah,</marc:subfield><marc:subfield code="d">1743-1809.</marc:subfield><marc:subfield code="t">Belle's stratagem, a comedy, in five acts.</marc:subfield></marc:datafield><marc:datafield tag="710" ind1="1" ind2=" "><marc:subfield code="a">Great Britain.</marc:subfield><marc:subfield code="b">Assizes (York)</marc:subfield></marc:datafield><marc:datafield tag="740" ind1="4" ind2="2"><marc:subfield code="a">The suspicious husband, a comedy, as it is acted at the Theater-Royal in Drury-Lane.</marc:subfield></marc:datafield><marc:datafield tag="740" ind1="0" ind2="2"><marc:subfield code="a">Macbeth, a tragedy.</marc:subfield></marc:datafield><marc:datafield tag="740" ind1="0" ind2="2"><marc:subfield code="a">Belle's stratagem, a comedy, in five acts.</marc:subfield></marc:datafield><marc:datafield tag="830" ind1=" " ind2="0"><marc:subfield code="a">Making of modern law.</marc:subfield><marc:subfield code="p">Trials, 1600-1926.</marc:subfield></marc:datafield><marc:datafield tag="856" ind1="4" ind2="0"><marc:subfield code="u">http://libproxy.lib.unc.edu/login?url=http://galenet.galegroup.com/servlet/MMLT?af=RN&amp;ae=Q4200635114&amp;srchtp=a&amp;ste=14&amp;q=unc_main</marc:subfield><marc:subfield code="y">Full text available via the UNC-Chapel Hill Libraries</marc:subfield></marc:datafield><marc:datafield tag="907" ind1=" " ind2=" "><marc:subfield code="a">b6325751</marc:subfield></marc:datafield><marc:datafield tag="919" ind1=" " ind2=" "><marc:subfield code="t">Macbeth Included</marc:subfield></marc:datafield><marc:datafield tag="999" ind1="0" ind2="0"><marc:subfield code="a">2010-05-28 00:00:00-04</marc:subfield><marc:subfield code="c">2010-05-28 10:40:04-04</marc:subfield><marc:subfield code="u">2017-06-08 15:25:12-04</marc:subfield></marc:datafield></marc:record>