
<marc:record><marc:leader>02226cam a2200349Ma 4500</marc:leader>
<marc:controlfield tag="006">m    |o  d |</marc:controlfield>
<marc:controlfield tag="008">960313s1828    fr      o     000 p fre d</marc:controlfield><marc:controlfield tag="007">cr |n||||||||n</marc:controlfield><marc:controlfield tag="001">NCCO007570</marc:controlfield><marc:controlfield tag="003">MiFhGG</marc:controlfield><marc:controlfield tag="005">20121120130010.0</marc:controlfield><marc:datafield tag="035" ind1=" " ind2=" "><marc:subfield code="a">(OCoLC)830964834</marc:subfield></marc:datafield><marc:datafield tag="040" ind1=" " ind2=" "><marc:subfield code="a">MIGCL</marc:subfield><marc:subfield code="c">UtOrBLW</marc:subfield></marc:datafield><marc:datafield tag="245" ind1="0" ind2="0"><marc:subfield code="a">Poésies européennes, ou, Etudes sur Alfiéri ... [et al.]</marc:subfield><marc:subfield code="h">[electronic resource] /</marc:subfield><marc:subfield code="c">par Léon Halevy.</marc:subfield></marc:datafield><marc:datafield tag="246" ind1="3" ind2="0"><marc:subfield code="a">Etudes sur Alfiéri</marc:subfield></marc:datafield><marc:datafield tag="260" ind1=" " ind2=" "><marc:subfield code="a">Paris :</marc:subfield><marc:subfield code="b">Ladvocat :</marc:subfield><marc:subfield code="b">Delaforest,</marc:subfield><marc:subfield code="c">1828</marc:subfield><marc:subfield code="f">(Impr. A. Boucher)</marc:subfield></marc:datafield><marc:datafield tag="300" ind1=" " ind2=" "><marc:subfield code="a">1 online resource (x, 328 p.).</marc:subfield></marc:datafield><marc:datafield tag="500" ind1=" " ind2=" "><marc:subfield code="a">Originally issued in parts; the first &quot;livraison&quot; was announced in the Bibliographie de la France 5 Sept. 1827; the second. third &amp; fourth were announced 16 Aug. 1828, apparently issued together.</marc:subfield></marc:datafield><marc:datafield tag="500" ind1=" " ind2=" "><marc:subfield code="a">Free translations from the authors named in title; includes Schiller's Don Karlos, Shakespeare's Macbeth, and act 5 from Alfrieri's Bruto Primo.</marc:subfield></marc:datafield><marc:datafield tag="505" ind1="0" ind2=" "><marc:subfield code="a">Burger -- Robert Burns -- Gay -- Gonzaga -- Karamsin -- Koerner -- Jean Kollar -- Lessing -- G. Lewis -- Michel-Ange -- Thomas Moore -- Pope -- Shakespeare -- Schiller -- Walter-Scott -- Voss -- Yriarte -- Les poètes grecs modernes.</marc:subfield></marc:datafield><marc:datafield tag="506" ind1="1" ind2=" "><marc:subfield code="a">Access limited to UNC Chapel Hill-authenticated users.</marc:subfield><marc:subfield code="f">Unlimited simultaneous users</marc:subfield></marc:datafield><marc:datafield tag="650" ind1=" " ind2="0"><marc:subfield code="a">Poetry</marc:subfield><marc:subfield code="v">Collections.</marc:subfield></marc:datafield><marc:datafield tag="700" ind1="1" ind2=" "><marc:subfield code="a">Halévy, Léon,</marc:subfield><marc:subfield code="d">1802-1883.</marc:subfield></marc:datafield><marc:datafield tag="700" ind1="1" ind2="2"><marc:subfield code="a">Alfieri, Vittorio,</marc:subfield><marc:subfield code="d">1749-1803.</marc:subfield><marc:subfield code="t">Bruto primo.</marc:subfield></marc:datafield><marc:datafield tag="700" ind1="1" ind2="2"><marc:subfield code="a">Schiller, Friedrich,</marc:subfield><marc:subfield code="d">1759-1805.</marc:subfield><marc:subfield code="t">Don Carlos.</marc:subfield><marc:subfield code="l">Greek.</marc:subfield></marc:datafield><marc:datafield tag="700" ind1="1" ind2="2"><marc:subfield code="a">Shakespeare, William,</marc:subfield><marc:subfield code="d">1564-1616.</marc:subfield><marc:subfield code="t">Macbeth.</marc:subfield></marc:datafield><marc:datafield tag="773" ind1="0" ind2=" "><marc:subfield code="t">Nineteenth century collections online (online collection). European literature, 1790-1840: the Corvey collection. E-books</marc:subfield></marc:datafield><marc:datafield tag="856" ind1="4" ind2="0"><marc:subfield code="y">Full text available via the UNC-Chapel Hill Libraries</marc:subfield><marc:subfield code="u">http://libproxy.lib.unc.edu/login?url=http://ncco.galegroup.com/gdc/ncco/MonographsDetailsPage/MonographsDetailsWindow?disableHighlighting=false&amp;prodId=NCCO&amp;action=1&amp;activityType=BasicSearch&amp;javax.portlet.action=viewPortletAction&amp;documentId=GALE%7COEALBR106793580&amp;dviSelectedPage=1&amp;userGroupName=unc_main</marc:subfield><marc:subfield code="x">NCCO</marc:subfield></marc:datafield><marc:datafield tag="919" ind1=" " ind2=" "><marc:subfield code="t">Macbeth Included</marc:subfield></marc:datafield><marc:datafield tag="919" ind1=" " ind2=" "><marc:subfield code="a">NCCO</marc:subfield></marc:datafield><marc:datafield tag="907" ind1=" " ind2="1"><marc:subfield code="a">b7365255</marc:subfield></marc:datafield><marc:datafield tag="999" ind1="0" ind2="0"><marc:subfield code="a">2013-04-05 00:00:00-04</marc:subfield><marc:subfield code="c">2013-04-05 12:24:29-04</marc:subfield><marc:subfield code="u">2017-03-20 10:55:27-04</marc:subfield></marc:datafield></marc:record>