
<marc:record><marc:leader>01878cam a2200409Ia 4500</marc:leader>
<marc:controlfield tag="008">130313s2013    nyua          000 0 eng d</marc:controlfield>
<marc:controlfield tag="001">829989388</marc:controlfield><marc:controlfield tag="003">OCoLC</marc:controlfield><marc:controlfield tag="005">20131213135349.7</marc:controlfield><marc:datafield tag="020" ind1=" " ind2=" "><marc:subfield code="a">162636303X</marc:subfield></marc:datafield><marc:datafield tag="020" ind1=" " ind2=" "><marc:subfield code="a">9781626363038</marc:subfield></marc:datafield><marc:datafield tag="035" ind1=" " ind2=" "><marc:subfield code="a">(OCoLC)829989388</marc:subfield></marc:datafield><marc:datafield tag="040" ind1=" " ind2=" "><marc:subfield code="a">YDXCP</marc:subfield><marc:subfield code="c">YDXCP</marc:subfield><marc:subfield code="d">OEM</marc:subfield><marc:subfield code="d">OCLCO</marc:subfield><marc:subfield code="d">VHP</marc:subfield><marc:subfield code="d">IMF</marc:subfield><marc:subfield code="d">NhCcYBP</marc:subfield></marc:datafield><marc:datafield tag="050" ind1="1" ind2="4"><marc:subfield code="a">PR2763</marc:subfield><marc:subfield code="b">.M33 2013</marc:subfield></marc:datafield><marc:datafield tag="082" ind1="0" ind2="4"><marc:subfield code="a">822.33</marc:subfield><marc:subfield code="2">23</marc:subfield></marc:datafield><marc:datafield tag="245" ind1="0" ind2="0"><marc:subfield code="a">Brick Shakespeare :</marc:subfield><marc:subfield code="b">the tragedies-- Hamlet, Macbeth, Romeo and Juliet, and Julius Caesar /</marc:subfield><marc:subfield code="c">[construction and photography by John McCann ; edited and narrated by Monica Sweeney, and Becky Thomas.]</marc:subfield></marc:datafield><marc:datafield tag="264" ind1=" " ind2="1"><marc:subfield code="a">New York :</marc:subfield><marc:subfield code="b">Skyhorse Publishing,</marc:subfield><marc:subfield code="c">2013.</marc:subfield></marc:datafield><marc:datafield tag="300" ind1=" " ind2=" "><marc:subfield code="a">344 p. :</marc:subfield><marc:subfield code="b">col. ill. ;</marc:subfield><marc:subfield code="c">28 cm.</marc:subfield></marc:datafield><marc:datafield tag="500" ind1=" " ind2=" "><marc:subfield code="a">&quot;Each play is modestly abridged&quot;--p. 6.</marc:subfield></marc:datafield><marc:datafield tag="520" ind1=" " ind2=" "><marc:subfield code="a">Whimsical visual adaptations of four Shakespearean tragedies, rendered in LEGO bricks, feature scene-by-scene reenactments accompanied by captioned excerpts from the plays.</marc:subfield></marc:datafield><marc:datafield tag="600" ind1="1" ind2="0"><marc:subfield code="a">Shakespeare, William,</marc:subfield><marc:subfield code="d">1564-1616</marc:subfield><marc:subfield code="x">Tragedies</marc:subfield><marc:subfield code="v">Comic books, strips, etc.</marc:subfield></marc:datafield><marc:datafield tag="650" ind1=" " ind2="0"><marc:subfield code="a">LEGO toys</marc:subfield><marc:subfield code="v">Juvenile literature.</marc:subfield></marc:datafield><marc:datafield tag="650" ind1=" " ind2="0"><marc:subfield code="a">LEGO toys</marc:subfield><marc:subfield code="v">Pictorial works.</marc:subfield></marc:datafield><marc:datafield tag="700" ind1="1" ind2=" "><marc:subfield code="a">McCann, John</marc:subfield><marc:subfield code="c">(Photographer)</marc:subfield></marc:datafield><marc:datafield tag="700" ind1="1" ind2=" "><marc:subfield code="a">Sweeney, Monica.</marc:subfield></marc:datafield><marc:datafield tag="700" ind1="1" ind2=" "><marc:subfield code="a">Thomas, Becky.</marc:subfield></marc:datafield><marc:datafield tag="700" ind1="1" ind2=" "><marc:subfield code="a">Shakespeare, William,</marc:subfield><marc:subfield code="d">1564-1616,</marc:subfield><marc:subfield code="e">author.</marc:subfield></marc:datafield><marc:datafield tag="700" ind1="1" ind2=" "><marc:subfield code="a">Hollan, Jack,</marc:subfield><marc:subfield code="e">illustrator.</marc:subfield></marc:datafield><marc:datafield tag="700" ind1="1" ind2="2"><marc:subfield code="a">Shakespeare, William,</marc:subfield><marc:subfield code="d">1564-1616.</marc:subfield><marc:subfield code="t">Hamlet.</marc:subfield></marc:datafield><marc:datafield tag="700" ind1="1" ind2="2"><marc:subfield code="a">Shakespeare, William,</marc:subfield><marc:subfield code="d">1564-1616.</marc:subfield><marc:subfield code="t">Macbeth.</marc:subfield></marc:datafield><marc:datafield tag="700" ind1="1" ind2="2"><marc:subfield code="a">Shakespeare, William,</marc:subfield><marc:subfield code="d">1564-1616.</marc:subfield><marc:subfield code="t">Romeo and Juliet.</marc:subfield></marc:datafield><marc:datafield tag="700" ind1="1" ind2="2"><marc:subfield code="a">Shakespeare, William,</marc:subfield><marc:subfield code="d">1564-1616.</marc:subfield><marc:subfield code="t">Julius Caesar.</marc:subfield></marc:datafield><marc:datafield tag="907" ind1=" " ind2=" "><marc:subfield code="a">b7638777</marc:subfield></marc:datafield><marc:datafield tag="919" ind1=" " ind2=" "><marc:subfield code="t">Macbeth Included</marc:subfield></marc:datafield><marc:datafield tag="999" ind1="9" ind2="1"><marc:subfield code="i">i10182337</marc:subfield><marc:subfield code="l">lljd</marc:subfield><marc:subfield code="s">-</marc:subfield><marc:subfield code="t">22</marc:subfield><marc:subfield code="c">1</marc:subfield><marc:subfield code="o">4</marc:subfield><marc:subfield code="b">00047147167</marc:subfield><marc:subfield code="p">099#9</marc:subfield><marc:subfield code="q">|aGraphic|aBrick</marc:subfield></marc:datafield><marc:datafield tag="999" ind1="9" ind2="1"><marc:subfield code="i">i10229561</marc:subfield><marc:subfield code="l">uada</marc:subfield><marc:subfield code="s">-</marc:subfield><marc:subfield code="t">0</marc:subfield><marc:subfield code="c">1</marc:subfield><marc:subfield code="o">1</marc:subfield><marc:subfield code="b">00047682131</marc:subfield><marc:subfield code="p">05014</marc:subfield><marc:subfield code="q">|aPR2763|b.M33 2013</marc:subfield></marc:datafield><marc:datafield tag="999" ind1="0" ind2="0"><marc:subfield code="a">2014-01-10 00:00:00-05</marc:subfield><marc:subfield code="c">2013-12-10 09:34:00-05</marc:subfield><marc:subfield code="u">2014-03-16 13:05:56-04</marc:subfield></marc:datafield></marc:record>