
<marc:record><marc:leader>02105cjm a2200457I  4500</marc:leader>
<marc:controlfield tag="008">920409s1976    gw opn   di         ita  </marc:controlfield>
<marc:controlfield tag="007">sd-bsmenn-----</marc:controlfield><marc:controlfield tag="001">2918963</marc:controlfield><marc:controlfield tag="005">19920409000000.0</marc:controlfield><marc:datafield tag="010" ind1=" " ind2=" "><marc:subfield code="a">77760831 /R</marc:subfield></marc:datafield><marc:datafield tag="028" ind1="0" ind2="0"><marc:subfield code="a">2709062 (2530 684--2530 686)</marc:subfield><marc:subfield code="b">Deutsche Grammophon</marc:subfield></marc:datafield><marc:datafield tag="028" ind1="0" ind2="0"><marc:subfield code="a">2709 062 (2530 684-2530 686)</marc:subfield><marc:subfield code="b">Deutsche Grammophon</marc:subfield></marc:datafield><marc:datafield tag="040" ind1=" " ind2=" "><marc:subfield code="a">DLC</marc:subfield><marc:subfield code="c">FEM</marc:subfield><marc:subfield code="d">OCL</marc:subfield><marc:subfield code="d">SER</marc:subfield><marc:subfield code="d">m.c.</marc:subfield><marc:subfield code="d">IXA</marc:subfield><marc:subfield code="d">OCL</marc:subfield><marc:subfield code="d">m/c</marc:subfield><marc:subfield code="d">NOC</marc:subfield></marc:datafield><marc:datafield tag="041" ind1="0" ind2=" "><marc:subfield code="d">ita</marc:subfield><marc:subfield code="e">gerengfreita</marc:subfield><marc:subfield code="h">ita</marc:subfield><marc:subfield code="g">engfreger</marc:subfield></marc:datafield><marc:datafield tag="045" ind1=" " ind2=" "><marc:subfield code="a">w4w6</marc:subfield></marc:datafield><marc:datafield tag="100" ind1="1" ind2=" "><marc:subfield code="a">Verdi, Giuseppe,</marc:subfield><marc:subfield code="d">1813-1901.</marc:subfield></marc:datafield><marc:datafield tag="240" ind1="1" ind2="0"><marc:subfield code="a">Macbeth</marc:subfield></marc:datafield><marc:datafield tag="245" ind1="1" ind2="0"><marc:subfield code="a">Macbeth;</marc:subfield><marc:subfield code="b">melodramma in quattro atti di Francesco Maria Piave (versione 1865)</marc:subfield><marc:subfield code="h">[sound disc].</marc:subfield></marc:datafield><marc:datafield tag="260" ind1=" " ind2=" "><marc:subfield code="b">Deutsche Grammophon</marc:subfield><marc:subfield code="c">p1976</marc:subfield></marc:datafield><marc:datafield tag="300" ind1=" " ind2=" "><marc:subfield code="a">3 discs.</marc:subfield><marc:subfield code="b">33 1/3 rpm. stereo.</marc:subfield><marc:subfield code="c">12 in.</marc:subfield></marc:datafield><marc:datafield tag="500" ind1=" " ind2=" "><marc:subfield code="a">Number on container covered by label: 2740 158.</marc:subfield></marc:datafield><marc:datafield tag="500" ind1=" " ind2=" "><marc:subfield code="a">In container; manual sequence.</marc:subfield></marc:datafield><marc:datafield tag="500" ind1=" " ind2=" "><marc:subfield code="a">Libretto by Francesco Maria Piave and Andrea Maffei.</marc:subfield></marc:datafield><marc:datafield tag="500" ind1=" " ind2=" "><marc:subfield code="a">Program notes in German, French, English, and Italian and libretto with German, English, and French translations (40 p. ill.) laid in container.</marc:subfield></marc:datafield><marc:datafield tag="511" ind1="0" ind2=" "><marc:subfield code="a">Shirley Verrett as Lady Macbeth; Piero Cappuccilli in the title role; Placido Domingo as Macduff; Nicolai Ghiaurov as Banco; other soloists; coro e orchestra del Teatro alla Scala, Milano; Claudio Abbado, conductor.</marc:subfield></marc:datafield><marc:datafield tag="518" ind1=" " ind2=" "><marc:subfield code="a">&quot;Recorded in the CTC-Studio, Milan.&quot;</marc:subfield></marc:datafield><marc:datafield tag="600" ind1="0" ind2="0"><marc:subfield code="a">Macbeth,</marc:subfield><marc:subfield code="c">King of Scotland,</marc:subfield><marc:subfield code="d">active 11th century</marc:subfield><marc:subfield code="v">Drama.</marc:subfield></marc:datafield><marc:datafield tag="655" ind1=" " ind2="7"><marc:subfield code="a">Operas.</marc:subfield><marc:subfield code="2">lcgft</marc:subfield></marc:datafield><marc:datafield tag="700" ind1="1" ind2=" "><marc:subfield code="a">Piave, Francesco Maria,</marc:subfield><marc:subfield code="d">1810-1876.</marc:subfield><marc:subfield code="4">lbt</marc:subfield></marc:datafield><marc:datafield tag="700" ind1="1" ind2=" "><marc:subfield code="a">Maffei, Andrea,</marc:subfield><marc:subfield code="d">1798-1885.</marc:subfield><marc:subfield code="4">lbt</marc:subfield></marc:datafield><marc:datafield tag="700" ind1="1" ind2=" "><marc:subfield code="a">Shakespeare, William,</marc:subfield><marc:subfield code="d">1564-1616.</marc:subfield><marc:subfield code="t">Macbeth.</marc:subfield></marc:datafield><marc:datafield tag="700" ind1="1" ind2=" "><marc:subfield code="a">Verrett, Shirley.</marc:subfield><marc:subfield code="4">prf</marc:subfield></marc:datafield><marc:datafield tag="700" ind1="1" ind2=" "><marc:subfield code="a">Cappuccilli, Piero.</marc:subfield><marc:subfield code="4">prf</marc:subfield></marc:datafield><marc:datafield tag="700" ind1="1" ind2=" "><marc:subfield code="a">Domingo, Plácido,</marc:subfield><marc:subfield code="d">1941-</marc:subfield><marc:subfield code="4">prf</marc:subfield></marc:datafield><marc:datafield tag="700" ind1="1" ind2=" "><marc:subfield code="a">Ghiaurov, Nicolai,</marc:subfield><marc:subfield code="d">1929-2004.</marc:subfield><marc:subfield code="4">prf</marc:subfield></marc:datafield><marc:datafield tag="700" ind1="1" ind2=" "><marc:subfield code="a">Abbado, Claudio.</marc:subfield><marc:subfield code="4">cnd</marc:subfield></marc:datafield><marc:datafield tag="710" ind1="2" ind2=" "><marc:subfield code="a">Teatro alla Scala.</marc:subfield><marc:subfield code="b">Orchestra.</marc:subfield><marc:subfield code="4">prf</marc:subfield></marc:datafield><marc:datafield tag="907" ind1=" " ind2=" "><marc:subfield code="a">b1446308</marc:subfield></marc:datafield><marc:datafield tag="919" ind1=" " ind2=" "><marc:subfield code="t">Macbeth Related</marc:subfield></marc:datafield><marc:datafield tag="999" ind1="9" ind2="1"><marc:subfield code="i">i2024099</marc:subfield><marc:subfield code="l">mmdd</marc:subfield><marc:subfield code="s">-</marc:subfield><marc:subfield code="t">50</marc:subfield><marc:subfield code="c">1</marc:subfield><marc:subfield code="o">3</marc:subfield><marc:subfield code="b">00010927312</marc:subfield><marc:subfield code="p">099#9</marc:subfield><marc:subfield code="q">|a16,427</marc:subfield></marc:datafield><marc:datafield tag="999" ind1="0" ind2="0"><marc:subfield code="a">2004-10-01 00:00:00-04</marc:subfield><marc:subfield code="c">2004-09-28 16:09:21-04</marc:subfield><marc:subfield code="u">2017-11-15 15:46:10-05</marc:subfield></marc:datafield></marc:record>