
<marc:record><marc:leader>04496cam a2200565I  4500</marc:leader>
<marc:controlfield tag="008">910731m18821890gw ach        000 0 ger  </marc:controlfield>
<marc:controlfield tag="001">3739469</marc:controlfield><marc:controlfield tag="005">19910731000000.0</marc:controlfield><marc:datafield tag="010" ind1=" " ind2=" "><marc:subfield code="a">01001749 /G</marc:subfield></marc:datafield><marc:datafield tag="019" ind1=" " ind2=" "><marc:subfield code="a">5018113</marc:subfield></marc:datafield><marc:datafield tag="040" ind1=" " ind2=" "><marc:subfield code="a">DLC</marc:subfield><marc:subfield code="c">YWM</marc:subfield><marc:subfield code="d">m.c.</marc:subfield><marc:subfield code="d">OCL</marc:subfield><marc:subfield code="d">CUI</marc:subfield><marc:subfield code="d">OCL</marc:subfield></marc:datafield><marc:datafield tag="050" ind1="0" ind2=" "><marc:subfield code="a">PT1101</marc:subfield><marc:subfield code="b">.D4 vol.118-129</marc:subfield></marc:datafield><marc:datafield tag="100" ind1="1" ind2=" "><marc:subfield code="a">Schiller, Friedrich,</marc:subfield><marc:subfield code="d">1759-1805.</marc:subfield></marc:datafield><marc:datafield tag="245" ind1="1" ind2="0"><marc:subfield code="a">Schiller's werke.</marc:subfield></marc:datafield><marc:datafield tag="260" ind1=" " ind2=" "><marc:subfield code="a">Berlin und</marc:subfield><marc:subfield code="a">Stuttgart,</marc:subfield><marc:subfield code="b">W. Spemann</marc:subfield><marc:subfield code="c">1882-90.</marc:subfield></marc:datafield><marc:datafield tag="300" ind1=" " ind2=" "><marc:subfield code="a">12 v. in 16.</marc:subfield><marc:subfield code="b">(incl. ports.) fold. facsims.</marc:subfield><marc:subfield code="c">20 cm.</marc:subfield></marc:datafield><marc:datafield tag="500" ind1=" " ind2=" "><marc:subfield code="a">Vols. 1-4, v.5, pt.2, v.6, pt.2, v.7-12, edited by R. Boxberger; v.5, pt.1, by A. Birlinger; v.6, pt.1, by R. Boxberger and A. Birlinger.</marc:subfield></marc:datafield><marc:datafield tag="505" ind1="0" ind2=" "><marc:subfield code="a">1.-2. t. Gedichte. 3. t. Die räuber. Fiesco. 4. t. Kabale und liebe. Don Karlos. 5. t., 1. abt. Wallensteins lager. Die beiden Piccolomini. Wallensteins tod. 5. t. 2. abt. Maria Stuart. Die jungfrau con Orleans. 6. t. [1 abt.] Die Braut von Messina. Wilhelm Tell. Die huldigung der künste. Anhang: Semele; Der menschenfeind. 6. t. 2. abt. Übersetzungen und bearbeitungen fremder trauerspiele [Euripides: Iphigenie in Aulis; Phöniciernnen. Shakespeare: Macbeth. Racine: Phädra; Britannicus]</marc:subfield></marc:datafield><marc:datafield tag="505" ind1="0" ind2=" "><marc:subfield code="a">7. t. Übersetzungen und bearbeitungen fremder lustspiele: Turandot. Der parasit. Der neffe als onkel, und bühnenbearbeitungen fremder stücke. 8. t. Körners vormittag. Oberon. Die Malteser. Narbonne, oder Die kinder des hauses. Das schiff. Warbeck. Agrippina. Die braut in trauer, oder Zweiter teil der Räuber. Rosamunde, oder Die braut der hölle. Entwerf eines lustpiels im geschmack von Goethes Bürgergeneral. Die polizei. Themistokles. Gräfin von Flandern. Die filibustiers. Die herzogin von Zelle, oder Der graf von Königsmark. Elfride. Demetrius. 9. t. Kleinere erzählungen. Der geisterseher.</marc:subfield></marc:datafield><marc:datafield tag="505" ind1="0" ind2=" "><marc:subfield code="a">10. t., v. abt. Universalgeschichte. Geschichte des abafalles der Vereinigten Niederlande. 10 t., 2. abt. Die &quot;Historischen memoires.&quot; Kleine historische schriften. 11 t. Geschichte des dreissigjährigen krieges. 12 t. 1. abt. Kleinere philosophische schriften. 12. t., 2. abt. Philosophischer nachlass. Angewandte ästhetik. Medizin . Juvenilia.</marc:subfield></marc:datafield><marc:datafield tag="700" ind1="0" ind2=" "><marc:subfield code="a">Euripides.</marc:subfield></marc:datafield><marc:datafield tag="700" ind1="1" ind2=" "><marc:subfield code="a">Shakespeare, William,</marc:subfield><marc:subfield code="d">1564-1616.</marc:subfield><marc:subfield code="t">Macbeth.</marc:subfield></marc:datafield><marc:datafield tag="700" ind1="1" ind2=" "><marc:subfield code="a">Gozzi, Carlo,</marc:subfield><marc:subfield code="d">1720-1806.</marc:subfield><marc:subfield code="t">Turandot.</marc:subfield></marc:datafield><marc:datafield tag="700" ind1="1" ind2=" "><marc:subfield code="a">Racine, Jean,</marc:subfield><marc:subfield code="d">1639-1699.</marc:subfield></marc:datafield><marc:datafield tag="700" ind1="1" ind2=" "><marc:subfield code="a">Picard, L.-B.</marc:subfield><marc:subfield code="q">(Louis-Benoît),</marc:subfield><marc:subfield code="d">1769-1828.</marc:subfield></marc:datafield><marc:datafield tag="700" ind1="1" ind2=" "><marc:subfield code="a">Boxberger, Robert.</marc:subfield></marc:datafield><marc:datafield tag="700" ind1="1" ind2=" "><marc:subfield code="a">Birlinger, Anton,</marc:subfield><marc:subfield code="d">1834-1891.</marc:subfield></marc:datafield><marc:datafield tag="830" ind1=" " ind2="0"><marc:subfield code="a">Deutsche National-Litteratur ;</marc:subfield><marc:subfield code="v">118.-129. Bd.</marc:subfield></marc:datafield><marc:datafield tag="907" ind1=" " ind2=" "><marc:subfield code="a">b1520820</marc:subfield></marc:datafield><marc:datafield tag="919" ind1=" " ind2=" "><marc:subfield code="t">Macbeth Related</marc:subfield></marc:datafield><marc:datafield tag="999" ind1="9" ind2="1"><marc:subfield code="i">i2142759</marc:subfield><marc:subfield code="l">trln</marc:subfield><marc:subfield code="s">-</marc:subfield><marc:subfield code="t">0</marc:subfield><marc:subfield code="c">1</marc:subfield><marc:subfield code="o">0</marc:subfield><marc:subfield code="b">00032458340</marc:subfield><marc:subfield code="p">090##</marc:subfield><marc:subfield code="q">|aPT1101 .D4 Bd. 118</marc:subfield><marc:subfield code="v">Bd.118=T.1</marc:subfield></marc:datafield><marc:datafield tag="999" ind1="9" ind2="1"><marc:subfield code="i">i2142760</marc:subfield><marc:subfield code="l">trln</marc:subfield><marc:subfield code="s">-</marc:subfield><marc:subfield code="t">0</marc:subfield><marc:subfield code="c">1</marc:subfield><marc:subfield code="o">0</marc:subfield><marc:subfield code="b">00032458331</marc:subfield><marc:subfield code="p">090##</marc:subfield><marc:subfield code="q">|aPT1101 .D4 Bd. 119</marc:subfield><marc:subfield code="v">Bd.119=T.2</marc:subfield></marc:datafield><marc:datafield tag="999" ind1="9" ind2="1"><marc:subfield code="i">i2142761</marc:subfield><marc:subfield code="l">trln</marc:subfield><marc:subfield code="s">-</marc:subfield><marc:subfield code="t">0</marc:subfield><marc:subfield code="c">1</marc:subfield><marc:subfield code="o">1</marc:subfield><marc:subfield code="b">00032458322</marc:subfield><marc:subfield code="p">090##</marc:subfield><marc:subfield code="q">|aPT1101 .D4 Bd. 120</marc:subfield><marc:subfield code="v">Bd.120=T.3</marc:subfield></marc:datafield><marc:datafield tag="999" ind1="9" ind2="1"><marc:subfield code="i">i2142762</marc:subfield><marc:subfield code="l">trln</marc:subfield><marc:subfield code="s">-</marc:subfield><marc:subfield code="t">0</marc:subfield><marc:subfield code="c">1</marc:subfield><marc:subfield code="o">0</marc:subfield><marc:subfield code="b">00032458313</marc:subfield><marc:subfield code="p">090##</marc:subfield><marc:subfield code="q">|aPT1101 .D4 Bd. 121</marc:subfield><marc:subfield code="v">Bd.121=T.4</marc:subfield></marc:datafield><marc:datafield tag="999" ind1="9" ind2="1"><marc:subfield code="i">i2142763</marc:subfield><marc:subfield code="l">trln</marc:subfield><marc:subfield code="s">-</marc:subfield><marc:subfield code="t">0</marc:subfield><marc:subfield code="c">1</marc:subfield><marc:subfield code="o">0</marc:subfield><marc:subfield code="b">00032458304</marc:subfield><marc:subfield code="p">090##</marc:subfield><marc:subfield code="q">|aPT1101 .D4 Bd. 122 Abt. 1</marc:subfield><marc:subfield code="v">Bd.122:Abt.1=T.5:Abt.1</marc:subfield></marc:datafield><marc:datafield tag="999" ind1="9" ind2="1"><marc:subfield code="i">i2142764</marc:subfield><marc:subfield code="l">trln</marc:subfield><marc:subfield code="s">-</marc:subfield><marc:subfield code="t">0</marc:subfield><marc:subfield code="c">1</marc:subfield><marc:subfield code="o">0</marc:subfield><marc:subfield code="b">00032458297</marc:subfield><marc:subfield code="p">090##</marc:subfield><marc:subfield code="q">|aPT1101 .D4 Bd. 123 Abt. 1</marc:subfield><marc:subfield code="v">Bd.123:Abt.1=T.6:Abt.1</marc:subfield></marc:datafield><marc:datafield tag="999" ind1="9" ind2="1"><marc:subfield code="i">i2142765</marc:subfield><marc:subfield code="l">trln</marc:subfield><marc:subfield code="s">-</marc:subfield><marc:subfield code="t">0</marc:subfield><marc:subfield code="c">1</marc:subfield><marc:subfield code="o">0</marc:subfield><marc:subfield code="b">00032458288</marc:subfield><marc:subfield code="p">090##</marc:subfield><marc:subfield code="q">|aPT1101 .D4 Bd. 123 Abt. 2</marc:subfield><marc:subfield code="v">Bd.123:Abt.2=T.6:Abt.2</marc:subfield></marc:datafield><marc:datafield tag="999" ind1="9" ind2="1"><marc:subfield code="i">i2142766</marc:subfield><marc:subfield code="l">trln</marc:subfield><marc:subfield code="s">-</marc:subfield><marc:subfield code="t">0</marc:subfield><marc:subfield code="c">1</marc:subfield><marc:subfield code="o">0</marc:subfield><marc:subfield code="b">00032458279</marc:subfield><marc:subfield code="p">090##</marc:subfield><marc:subfield code="q">|aPT1101 .D4 Bd. 124</marc:subfield><marc:subfield code="v">Bd.124=T.7</marc:subfield></marc:datafield><marc:datafield tag="999" ind1="9" ind2="1"><marc:subfield code="i">i2142767</marc:subfield><marc:subfield code="l">trln</marc:subfield><marc:subfield code="s">-</marc:subfield><marc:subfield code="t">0</marc:subfield><marc:subfield code="c">1</marc:subfield><marc:subfield code="o">0</marc:subfield><marc:subfield code="b">00032458260</marc:subfield><marc:subfield code="p">090##</marc:subfield><marc:subfield code="q">|aPT1101 .D4 Bd. 125</marc:subfield><marc:subfield code="v">Bd.125=T.8</marc:subfield></marc:datafield><marc:datafield tag="999" ind1="9" ind2="1"><marc:subfield code="i">i2142768</marc:subfield><marc:subfield code="l">trln</marc:subfield><marc:subfield code="s">-</marc:subfield><marc:subfield code="t">0</marc:subfield><marc:subfield code="c">1</marc:subfield><marc:subfield code="o">0</marc:subfield><marc:subfield code="b">00032458251</marc:subfield><marc:subfield code="p">090##</marc:subfield><marc:subfield code="q">|aPT1101 .D4 Bd. 126</marc:subfield><marc:subfield code="v">Bd.126=T.9</marc:subfield></marc:datafield><marc:datafield tag="999" ind1="9" ind2="1"><marc:subfield code="i">i2142769</marc:subfield><marc:subfield code="l">trln</marc:subfield><marc:subfield code="s">-</marc:subfield><marc:subfield code="t">0</marc:subfield><marc:subfield code="c">1</marc:subfield><marc:subfield code="o">0</marc:subfield><marc:subfield code="b">00032458242</marc:subfield><marc:subfield code="p">090##</marc:subfield><marc:subfield code="q">|aPT1101 .D4 Bd. 127 Abt. 1</marc:subfield><marc:subfield code="v">Bd.127:Abt.1=T.10:Abt.1</marc:subfield></marc:datafield><marc:datafield tag="999" ind1="9" ind2="1"><marc:subfield code="i">i2142770</marc:subfield><marc:subfield code="l">trln</marc:subfield><marc:subfield code="s">-</marc:subfield><marc:subfield code="t">0</marc:subfield><marc:subfield code="c">1</marc:subfield><marc:subfield code="o">0</marc:subfield><marc:subfield code="b">00032458233</marc:subfield><marc:subfield code="p">090##</marc:subfield><marc:subfield code="q">|aPT1101 .D4 Bd. 127 Abt. 2</marc:subfield><marc:subfield code="v">Bd.127:Abt.2=T.10:Abt.2</marc:subfield></marc:datafield><marc:datafield tag="999" ind1="9" ind2="1"><marc:subfield code="i">i2142771</marc:subfield><marc:subfield code="l">trln</marc:subfield><marc:subfield code="s">-</marc:subfield><marc:subfield code="t">0</marc:subfield><marc:subfield code="c">1</marc:subfield><marc:subfield code="o">0</marc:subfield><marc:subfield code="b">00032458224</marc:subfield><marc:subfield code="p">090##</marc:subfield><marc:subfield code="q">|aPT1101 .D4 Bd. 128</marc:subfield><marc:subfield code="v">Bd.128=T.11</marc:subfield></marc:datafield><marc:datafield tag="999" ind1="9" ind2="1"><marc:subfield code="i">i2142772</marc:subfield><marc:subfield code="l">trln</marc:subfield><marc:subfield code="s">-</marc:subfield><marc:subfield code="t">0</marc:subfield><marc:subfield code="c">1</marc:subfield><marc:subfield code="o">0</marc:subfield><marc:subfield code="b">00032458215</marc:subfield><marc:subfield code="p">090##</marc:subfield><marc:subfield code="q">|aPT1101 .D4 Bd. 129 Abt. 1</marc:subfield><marc:subfield code="v">Bd.129:Abt.1=T.12:Abt.1</marc:subfield></marc:datafield><marc:datafield tag="999" ind1="9" ind2="1"><marc:subfield code="i">i2142773</marc:subfield><marc:subfield code="l">trln</marc:subfield><marc:subfield code="s">-</marc:subfield><marc:subfield code="t">0</marc:subfield><marc:subfield code="c">1</marc:subfield><marc:subfield code="o">0</marc:subfield><marc:subfield code="b">00032458607</marc:subfield><marc:subfield code="p">090##</marc:subfield><marc:subfield code="q">|aPT1101 .D4 Bd. 129 Abt. 2</marc:subfield><marc:subfield code="v">Bd.129:Abt.2=T.12:Abt.2</marc:subfield></marc:datafield><marc:datafield tag="999" ind1="9" ind2="2"><marc:subfield code="a">c1509589</marc:subfield><marc:subfield code="b">trln</marc:subfield><marc:subfield code="c">0</marc:subfield></marc:datafield><marc:datafield tag="999" ind1="9" ind2="3"><marc:subfield code="0">c1509589</marc:subfield><marc:subfield code="2">852</marc:subfield><marc:subfield code="3">c</marc:subfield><marc:subfield code="b">555521</marc:subfield><marc:subfield code="h">PT1101</marc:subfield><marc:subfield code="i">.D4 Bd. 118-129</marc:subfield><marc:subfield code="x">Previously converted record</marc:subfield></marc:datafield><marc:datafield tag="999" ind1="9" ind2="3"><marc:subfield code="0">c1509589</marc:subfield><marc:subfield code="2">853</marc:subfield><marc:subfield code="3">y</marc:subfield><marc:subfield code="8">1</marc:subfield><marc:subfield code="a">Bd.</marc:subfield><marc:subfield code="b">Abt.</marc:subfield><marc:subfield code="g">T.</marc:subfield><marc:subfield code="h">Abt.</marc:subfield><marc:subfield code="t">c.</marc:subfield></marc:datafield><marc:datafield tag="999" ind1="9" ind2="3"><marc:subfield code="0">c1509589</marc:subfield><marc:subfield code="2">866</marc:subfield><marc:subfield code="3">h</marc:subfield><marc:subfield code="8">0</marc:subfield><marc:subfield code="a">Bd.118-129=T.1-12</marc:subfield></marc:datafield><marc:datafield tag="999" ind1="0" ind2="0"><marc:subfield code="a">2004-10-01 00:00:00-04</marc:subfield><marc:subfield code="c">2004-09-28 16:22:13-04</marc:subfield><marc:subfield code="u">2017-04-14 18:22:00-04</marc:subfield></marc:datafield></marc:record>