
<marc:record><marc:leader>01949cjm a2200481I  4500</marc:leader>
<marc:controlfield tag="008">920409s1972    enkopn   dfi        ita  </marc:controlfield>
<marc:controlfield tag="007">sd-bsmenn-----</marc:controlfield><marc:controlfield tag="001">4051008</marc:controlfield><marc:controlfield tag="005">19920409000000.0</marc:controlfield><marc:datafield tag="010" ind1=" " ind2=" "><marc:subfield code="a">72760676 /R</marc:subfield></marc:datafield><marc:datafield tag="019" ind1=" " ind2=" "><marc:subfield code="a">747494</marc:subfield><marc:subfield code="a">6807385</marc:subfield></marc:datafield><marc:datafield tag="028" ind1="0" ind2="0"><marc:subfield code="a">OSA 13102 (OS. 26236--OS. 26238)</marc:subfield><marc:subfield code="b">London</marc:subfield></marc:datafield><marc:datafield tag="040" ind1=" " ind2=" "><marc:subfield code="a">DLC</marc:subfield><marc:subfield code="c">IAW</marc:subfield><marc:subfield code="d">IAW</marc:subfield><marc:subfield code="d">m.c.</marc:subfield><marc:subfield code="d">OCL</marc:subfield><marc:subfield code="d">m/c</marc:subfield><marc:subfield code="d">IUL</marc:subfield><marc:subfield code="d">NOC</marc:subfield></marc:datafield><marc:datafield tag="041" ind1="0" ind2=" "><marc:subfield code="d">ita</marc:subfield><marc:subfield code="e">engita</marc:subfield><marc:subfield code="h">ita</marc:subfield><marc:subfield code="g">eng</marc:subfield></marc:datafield><marc:datafield tag="045" ind1=" " ind2=" "><marc:subfield code="a">w4w6</marc:subfield></marc:datafield><marc:datafield tag="100" ind1="1" ind2=" "><marc:subfield code="a">Verdi, Giuseppe,</marc:subfield><marc:subfield code="d">1813-1901.</marc:subfield></marc:datafield><marc:datafield tag="240" ind1="1" ind2="0"><marc:subfield code="a">Macbeth</marc:subfield></marc:datafield><marc:datafield tag="245" ind1="1" ind2="0"><marc:subfield code="a">Macbeth</marc:subfield><marc:subfield code="h">[sound disc].</marc:subfield></marc:datafield><marc:datafield tag="260" ind1=" " ind2=" "><marc:subfield code="b">London</marc:subfield><marc:subfield code="c">[1972]</marc:subfield></marc:datafield><marc:datafield tag="300" ind1=" " ind2=" "><marc:subfield code="a">3 discs.</marc:subfield><marc:subfield code="b">33 1/3 rpm. stereo.</marc:subfield><marc:subfield code="c">12 in.</marc:subfield></marc:datafield><marc:datafield tag="306" ind1=" " ind2=" "><marc:subfield code="a">022600</marc:subfield></marc:datafield><marc:datafield tag="500" ind1=" " ind2=" "><marc:subfield code="a">Opera; sung in Italian.</marc:subfield></marc:datafield><marc:datafield tag="500" ind1=" " ind2=" "><marc:subfield code="a">Libretto by Francesco Maria Piave and Andrea Maffei.</marc:subfield></marc:datafield><marc:datafield tag="500" ind1=" " ind2=" "><marc:subfield code="a">Duration: about 2 hr., 26 min.</marc:subfield></marc:datafield><marc:datafield tag="500" ind1=" " ind2=" "><marc:subfield code="a">Automatic sequence.</marc:subfield></marc:datafield><marc:datafield tag="500" ind1=" " ind2=" "><marc:subfield code="a">Program notes and libretto with English translation (28 p. ; ill.) laid in container.</marc:subfield></marc:datafield><marc:datafield tag="511" ind1="0" ind2=" "><marc:subfield code="a">Elena Souliotis, soprano; Luciano Pavarotti, tenor; Dietrich Fischer-Dieskau, baritone; Nicolai Ghaiurov, bass; supporting soloists; Ambrosian Opera Chorus; London Philharmonic Orchestra; Lamberto Gardelli, conductor.</marc:subfield></marc:datafield><marc:datafield tag="600" ind1="0" ind2="0"><marc:subfield code="a">Macbeth,</marc:subfield><marc:subfield code="c">King of Scotland,</marc:subfield><marc:subfield code="d">active 11th century</marc:subfield><marc:subfield code="v">Drama.</marc:subfield></marc:datafield><marc:datafield tag="655" ind1=" " ind2="7"><marc:subfield code="a">Operas.</marc:subfield><marc:subfield code="2">lcgft</marc:subfield></marc:datafield><marc:datafield tag="700" ind1="1" ind2=" "><marc:subfield code="a">Piave, Francesco Maria,</marc:subfield><marc:subfield code="d">1810-1876.</marc:subfield><marc:subfield code="4">lbt</marc:subfield></marc:datafield><marc:datafield tag="700" ind1="1" ind2=" "><marc:subfield code="a">Maffei, Andrea,</marc:subfield><marc:subfield code="d">1798-1885.</marc:subfield><marc:subfield code="4">lbt</marc:subfield></marc:datafield><marc:datafield tag="700" ind1="1" ind2=" "><marc:subfield code="a">Shakespeare, William,</marc:subfield><marc:subfield code="d">1564-1616.</marc:subfield><marc:subfield code="t">Macbeth.</marc:subfield></marc:datafield><marc:datafield tag="700" ind1="1" ind2=" "><marc:subfield code="a">Suliotis, Elena.</marc:subfield><marc:subfield code="4">prf</marc:subfield></marc:datafield><marc:datafield tag="700" ind1="1" ind2=" "><marc:subfield code="a">Pavarotti, Luciano.</marc:subfield><marc:subfield code="4">prf</marc:subfield></marc:datafield><marc:datafield tag="700" ind1="1" ind2=" "><marc:subfield code="a">Fischer-Dieskau, Dietrich,</marc:subfield><marc:subfield code="d">1925-2012.</marc:subfield><marc:subfield code="4">prf</marc:subfield></marc:datafield><marc:datafield tag="700" ind1="1" ind2=" "><marc:subfield code="a">Ghiaurov, Nicolai,</marc:subfield><marc:subfield code="d">1929-2004.</marc:subfield><marc:subfield code="4">prf</marc:subfield></marc:datafield><marc:datafield tag="700" ind1="1" ind2=" "><marc:subfield code="a">Gardelli, Lamberto.</marc:subfield><marc:subfield code="4">cnd</marc:subfield></marc:datafield><marc:datafield tag="710" ind1="2" ind2=" "><marc:subfield code="a">Ambrosian Opera Chorus.</marc:subfield><marc:subfield code="4">prf</marc:subfield></marc:datafield><marc:datafield tag="710" ind1="2" ind2=" "><marc:subfield code="a">London Philharmonic Orchestra.</marc:subfield><marc:subfield code="4">prf</marc:subfield></marc:datafield><marc:datafield tag="907" ind1=" " ind2=" "><marc:subfield code="a">b1546751</marc:subfield></marc:datafield><marc:datafield tag="919" ind1=" " ind2=" "><marc:subfield code="t">Macbeth Related</marc:subfield></marc:datafield><marc:datafield tag="999" ind1="9" ind2="1"><marc:subfield code="i">i2183492</marc:subfield><marc:subfield code="l">mmdd</marc:subfield><marc:subfield code="s">-</marc:subfield><marc:subfield code="t">50</marc:subfield><marc:subfield code="c">1</marc:subfield><marc:subfield code="o">9</marc:subfield><marc:subfield code="b">00010648347</marc:subfield><marc:subfield code="p">099#9</marc:subfield><marc:subfield code="q">|a11,162a</marc:subfield></marc:datafield><marc:datafield tag="999" ind1="0" ind2="0"><marc:subfield code="a">2004-10-01 00:00:00-04</marc:subfield><marc:subfield code="c">2004-09-28 16:25:02-04</marc:subfield><marc:subfield code="u">2017-11-15 15:46:10-05</marc:subfield></marc:datafield></marc:record>