
<marc:record><marc:leader>01978cjm a2200445Ia 4500</marc:leader>
<marc:controlfield tag="008">920415s1959    ituopn   dfhi       ita d</marc:controlfield>
<marc:controlfield tag="007">sd-bmmenn-----</marc:controlfield><marc:controlfield tag="001">4800457</marc:controlfield><marc:controlfield tag="005">19920415000000.0</marc:controlfield><marc:datafield tag="028" ind1="0" ind2="2"><marc:subfield code="a">LM 6147</marc:subfield><marc:subfield code="b">RCA Victor</marc:subfield></marc:datafield><marc:datafield tag="040" ind1=" " ind2=" "><marc:subfield code="a">MAN</marc:subfield><marc:subfield code="c">MAN</marc:subfield><marc:subfield code="d">m.c.</marc:subfield><marc:subfield code="d">OCL</marc:subfield><marc:subfield code="d">m/c</marc:subfield><marc:subfield code="d">SNN</marc:subfield><marc:subfield code="d">NOC</marc:subfield></marc:datafield><marc:datafield tag="041" ind1="0" ind2=" "><marc:subfield code="d">ita</marc:subfield><marc:subfield code="e">engita</marc:subfield><marc:subfield code="h">ita</marc:subfield><marc:subfield code="g">eng</marc:subfield></marc:datafield><marc:datafield tag="048" ind1=" " ind2=" "><marc:subfield code="b">va04</marc:subfield><marc:subfield code="b">vd02</marc:subfield><marc:subfield code="b">ve03</marc:subfield><marc:subfield code="b">vf03</marc:subfield><marc:subfield code="a">ca</marc:subfield><marc:subfield code="a">oa</marc:subfield></marc:datafield><marc:datafield tag="100" ind1="1" ind2=" "><marc:subfield code="a">Verdi, Giuseppe,</marc:subfield><marc:subfield code="d">1813-1901.</marc:subfield></marc:datafield><marc:datafield tag="240" ind1="1" ind2="0"><marc:subfield code="a">Macbeth</marc:subfield></marc:datafield><marc:datafield tag="245" ind1="1" ind2="0"><marc:subfield code="a">Macbeth /</marc:subfield><marc:subfield code="c">Verdi</marc:subfield><marc:subfield code="h">[sound disc].</marc:subfield></marc:datafield><marc:datafield tag="260" ind1=" " ind2=" "><marc:subfield code="a">[N.Y.] :</marc:subfield><marc:subfield code="b">RCA Victor,</marc:subfield><marc:subfield code="c">[1959]</marc:subfield></marc:datafield><marc:datafield tag="300" ind1=" " ind2=" "><marc:subfield code="a">3 sound discs :</marc:subfield><marc:subfield code="b">analog, 33 1/3 rpm ;</marc:subfield><marc:subfield code="c">12 in.</marc:subfield></marc:datafield><marc:datafield tag="500" ind1=" " ind2=" "><marc:subfield code="a">Opera in 4 acts.</marc:subfield></marc:datafield><marc:datafield tag="500" ind1=" " ind2=" "><marc:subfield code="a">Sung in Italian.</marc:subfield></marc:datafield><marc:datafield tag="500" ind1=" " ind2=" "><marc:subfield code="a">Libretto, after Shakespeare, by Francesco Maria Piave with Andrea Maffei.</marc:subfield></marc:datafield><marc:datafield tag="500" ind1=" " ind2=" "><marc:subfield code="a">Biographical and program notes by Henry W. Simon, synopsis, and libretto with English translation by Glen Sauls ([40] p. : ill.) laid in container.</marc:subfield></marc:datafield><marc:datafield tag="500" ind1=" " ind2=" "><marc:subfield code="a">Also issued in stereo.: LSC 6147.</marc:subfield></marc:datafield><marc:datafield tag="511" ind1="0" ind2=" "><marc:subfield code="a">Leonie Rysanek, soprano ; Carlo Bergonzi, tenor ; Leonard Warren, baritone ; Jerome Hines, bass ; supporting soloists ; Metropolitan Opera Orchestra and Chorus ; Erich Leinsdorf, conductor.</marc:subfield></marc:datafield><marc:datafield tag="518" ind1=" " ind2=" "><marc:subfield code="a">&quot;An RCA Victor recording of a Metropolitan Opera production&quot;</marc:subfield></marc:datafield><marc:datafield tag="600" ind1="0" ind2="0"><marc:subfield code="a">Macbeth,</marc:subfield><marc:subfield code="c">King of Scotland,</marc:subfield><marc:subfield code="d">active 11th century</marc:subfield><marc:subfield code="v">Drama.</marc:subfield></marc:datafield><marc:datafield tag="655" ind1=" " ind2="7"><marc:subfield code="a">Operas.</marc:subfield><marc:subfield code="2">lcgft</marc:subfield></marc:datafield><marc:datafield tag="700" ind1="1" ind2=" "><marc:subfield code="a">Piave, Francesco Maria,</marc:subfield><marc:subfield code="d">1810-1876.</marc:subfield><marc:subfield code="4">lbt</marc:subfield></marc:datafield><marc:datafield tag="700" ind1="1" ind2=" "><marc:subfield code="a">Maffei, Andrea,</marc:subfield><marc:subfield code="d">1798-1885.</marc:subfield><marc:subfield code="4">lbt</marc:subfield></marc:datafield><marc:datafield tag="700" ind1="1" ind2=" "><marc:subfield code="a">Rysanek, Leonie.</marc:subfield><marc:subfield code="4">prf</marc:subfield></marc:datafield><marc:datafield tag="700" ind1="1" ind2=" "><marc:subfield code="a">Bergonzi, Carlo.</marc:subfield><marc:subfield code="4">prf</marc:subfield></marc:datafield><marc:datafield tag="700" ind1="1" ind2=" "><marc:subfield code="a">Warren, Leonard,</marc:subfield><marc:subfield code="d">1911-1960.</marc:subfield><marc:subfield code="4">prf</marc:subfield></marc:datafield><marc:datafield tag="700" ind1="1" ind2=" "><marc:subfield code="a">Hines, Jerome,</marc:subfield><marc:subfield code="d">1921-2003.</marc:subfield><marc:subfield code="4">prf</marc:subfield></marc:datafield><marc:datafield tag="700" ind1="1" ind2=" "><marc:subfield code="a">Leinsdorf, Erich,</marc:subfield><marc:subfield code="d">1912-1993.</marc:subfield><marc:subfield code="4">cnd</marc:subfield></marc:datafield><marc:datafield tag="700" ind1="1" ind2=" "><marc:subfield code="a">Shakespeare, William,</marc:subfield><marc:subfield code="d">1564-1616.</marc:subfield><marc:subfield code="t">Macbeth.</marc:subfield></marc:datafield><marc:datafield tag="710" ind1="2" ind2=" "><marc:subfield code="a">Metropolitan Opera (New York, N.Y.)</marc:subfield><marc:subfield code="4">prf</marc:subfield></marc:datafield><marc:datafield tag="907" ind1=" " ind2=" "><marc:subfield code="a">b1600566</marc:subfield></marc:datafield><marc:datafield tag="919" ind1=" " ind2=" "><marc:subfield code="t">Macbeth Related</marc:subfield></marc:datafield><marc:datafield tag="999" ind1="9" ind2="1"><marc:subfield code="i">i2274086</marc:subfield><marc:subfield code="l">mmdd</marc:subfield><marc:subfield code="s">-</marc:subfield><marc:subfield code="t">50</marc:subfield><marc:subfield code="c">1</marc:subfield><marc:subfield code="o">0</marc:subfield><marc:subfield code="b">HAIK-2045-00001</marc:subfield><marc:subfield code="p">099#9</marc:subfield><marc:subfield code="q">|aA 433</marc:subfield></marc:datafield><marc:datafield tag="999" ind1="0" ind2="0"><marc:subfield code="a">2004-10-01 00:00:00-04</marc:subfield><marc:subfield code="c">2004-09-29 15:40:11-04</marc:subfield><marc:subfield code="u">2017-11-15 15:46:09-05</marc:subfield></marc:datafield></marc:record>