
<marc:record><marc:leader>00993cam a2200241Ii 4500</marc:leader>
<marc:controlfield tag="008">930405s1947    it            000 0 ita d</marc:controlfield>
<marc:controlfield tag="001">4986463</marc:controlfield><marc:controlfield tag="005">19930405000000.0</marc:controlfield><marc:datafield tag="040" ind1=" " ind2=" "><marc:subfield code="a">CLU</marc:subfield><marc:subfield code="c">CLU</marc:subfield><marc:subfield code="d">m.c.</marc:subfield><marc:subfield code="d">NOC</marc:subfield></marc:datafield><marc:datafield tag="100" ind1="1" ind2=" "><marc:subfield code="a">Bloch, Ernest,</marc:subfield><marc:subfield code="d">1880-1959.</marc:subfield></marc:datafield><marc:datafield tag="240" ind1="1" ind2="0"><marc:subfield code="a">Macbeth (Opera).</marc:subfield><marc:subfield code="s">Libretto.</marc:subfield><marc:subfield code="l">Italian</marc:subfield></marc:datafield><marc:datafield tag="245" ind1="1" ind2="0"><marc:subfield code="a">Macbeth :</marc:subfield><marc:subfield code="b">dramma lirico in un prologo e tre atti /</marc:subfield><marc:subfield code="c">di Edmond Fleg (da Shakespeare) ; musica di Ernest Bloch ; versione Italiana di Mary Tibaldi Chiesa.</marc:subfield></marc:datafield><marc:datafield tag="260" ind1=" " ind2=" "><marc:subfield code="a">Milano :</marc:subfield><marc:subfield code="b">Edizioni Suvini Zerboni,</marc:subfield><marc:subfield code="c">c1947.</marc:subfield></marc:datafield><marc:datafield tag="300" ind1=" " ind2=" "><marc:subfield code="a">76 p. ;</marc:subfield><marc:subfield code="c">17 cm.</marc:subfield></marc:datafield><marc:datafield tag="600" ind1="1" ind2="0"><marc:subfield code="a">Shakespeare, William,</marc:subfield><marc:subfield code="d">1564-1616</marc:subfield><marc:subfield code="v">Musical settings.</marc:subfield></marc:datafield><marc:datafield tag="650" ind1=" " ind2="0"><marc:subfield code="a">Operas</marc:subfield><marc:subfield code="v">Librettos.</marc:subfield></marc:datafield><marc:datafield tag="700" ind1="1" ind2=" "><marc:subfield code="a">Fleg, Edmond,</marc:subfield><marc:subfield code="d">1874-1963.</marc:subfield></marc:datafield><marc:datafield tag="700" ind1="1" ind2=" "><marc:subfield code="a">Tibaldi Chiesa, Maria.</marc:subfield></marc:datafield><marc:datafield tag="700" ind1="1" ind2=" "><marc:subfield code="a">Shakespeare, William,</marc:subfield><marc:subfield code="d">1564-1616.</marc:subfield><marc:subfield code="t">Macbeth.</marc:subfield></marc:datafield><marc:datafield tag="907" ind1=" " ind2=" "><marc:subfield code="a">b1614020</marc:subfield></marc:datafield><marc:datafield tag="919" ind1=" " ind2=" "><marc:subfield code="t">Macbeth Related</marc:subfield></marc:datafield><marc:datafield tag="999" ind1="9" ind2="1"><marc:subfield code="i">i2295579</marc:subfield><marc:subfield code="l">mmda</marc:subfield><marc:subfield code="s">-</marc:subfield><marc:subfield code="t">0</marc:subfield><marc:subfield code="c">1</marc:subfield><marc:subfield code="o">1</marc:subfield><marc:subfield code="b">00010312137</marc:subfield><marc:subfield code="p">090##</marc:subfield><marc:subfield code="q">|aML50.B65 M34 1947</marc:subfield></marc:datafield><marc:datafield tag="999" ind1="0" ind2="0"><marc:subfield code="a">2004-10-01 00:00:00-04</marc:subfield><marc:subfield code="c">2004-09-29 15:56:00-04</marc:subfield><marc:subfield code="u">2016-09-24 20:41:03-04</marc:subfield></marc:datafield></marc:record>