
<marc:record><marc:leader>02869cgm a2200397Ia 4500</marc:leader>
<marc:controlfield tag="008">830602s1982    nyu148u           vleng d</marc:controlfield>
<marc:controlfield tag="007">vfrcbaho</marc:controlfield><marc:controlfield tag="001">9568980</marc:controlfield><marc:controlfield tag="005">19830602000000.0</marc:controlfield><marc:datafield tag="040" ind1=" " ind2=" "><marc:subfield code="a">NOC</marc:subfield><marc:subfield code="c">NOC</marc:subfield></marc:datafield><marc:datafield tag="245" ind1="0" ind2="0"><marc:subfield code="a">Macbeth</marc:subfield><marc:subfield code="h">[videocassette] /</marc:subfield><marc:subfield code="c">William Shakespeare ; directed by Jack Gold ; produced by Shaun Sutton ; a BBC Television production in association with Time-Life Television.</marc:subfield></marc:datafield><marc:datafield tag="246" ind1="3" ind2=" "><marc:subfield code="a">MacBeth [BBC]</marc:subfield></marc:datafield><marc:datafield tag="260" ind1=" " ind2=" "><marc:subfield code="a">New York :</marc:subfield><marc:subfield code="b">Time-Life Video,</marc:subfield><marc:subfield code="c">1982.</marc:subfield></marc:datafield><marc:datafield tag="300" ind1=" " ind2=" "><marc:subfield code="a">2 videocassettes (148 min.) :</marc:subfield><marc:subfield code="b">sd., col. ;</marc:subfield><marc:subfield code="c">1/2</marc:subfield></marc:datafield><marc:datafield tag="500" ind1=" " ind2=" "><marc:subfield code="a">Originally produced or released in 1983.</marc:subfield></marc:datafield><marc:datafield tag="500" ind1=" " ind2=" "><marc:subfield code="a">Run time: approx. 148 min.</marc:subfield></marc:datafield><marc:datafield tag="508" ind1=" " ind2=" "><marc:subfield code="a">Produced by Shaun Sutton; literary consultant, Dr. John Wilders ;  original music by Carl Davis. ; edited by Stan Pow.</marc:subfield></marc:datafield><marc:datafield tag="508" ind1=" " ind2=" "><marc:subfield code="a">Produced by Shaun Sutton; literary consultant, Dr. John Wilders ;  original music by Carl Davis. ; edited by Stan Pow.</marc:subfield></marc:datafield><marc:datafield tag="511" ind1="1" ind2=" "><marc:subfield code="a">Tony Doyle, Jane Lapotaire, Mark Dignam, Nicol Williamson, James Hazeldine, Jon Rowe, Gawn Grainger, Ian Hogg, Brenda Bruce, Eileen Way, Anne Dyson, Gordon Kane, James Bolam, Christopher Ellison, Tom Bowles, Jill Baker and Crispin Mair.</marc:subfield></marc:datafield><marc:datafield tag="520" ind1=" " ind2=" "><marc:subfield code="a">Nicol Williamson is MacBeth and Jane Lapotaire Lady MacBeth in this BBC production of Shakespeare's tragic masterpiece.  Williamson and Lapotaire make MacBeth and his lady an decidedly eccentric, neurotic pair.  Williamson brings his trademark almost whimsically unusual line readings to the role, while Lapotaire's Lady MacBeth is played with moments that almost seem like orgiastic parody.   Mark Dignam is Duncan, James Hazeldine is Malcolm, Jon Rowe is Lennox, Gawn Grainger is Ross, Ian Hogg as Banquo.  Also With:  Brenda Bruce as the first witch, Eileen Way as the second witch, Anne Dyson as the third witch, Gordon Kane as First Messenger, James Bolam as Porter, Christopher Ellison as a captain, Tom Bowles as Donalbain, Jill Baker as Lady MacDuff, and Crispin Mair as MacDuff's son.</marc:subfield></marc:datafield><marc:datafield tag="520" ind1=" " ind2=" "><marc:subfield code="a">A dramatization of William Shakespeare's tragedy entitled Macbeth.</marc:subfield></marc:datafield><marc:datafield tag="655" ind1=" " ind2="7"><marc:subfield code="a">Drama.</marc:subfield><marc:subfield code="2">local</marc:subfield></marc:datafield><marc:datafield tag="655" ind1=" " ind2="7"><marc:subfield code="a">Shakespeare On Film.</marc:subfield><marc:subfield code="2">local</marc:subfield></marc:datafield><marc:datafield tag="655" ind1=" " ind2="7"><marc:subfield code="a">Theater - Plays.</marc:subfield><marc:subfield code="2">local</marc:subfield></marc:datafield><marc:datafield tag="655" ind1=" " ind2="7"><marc:subfield code="a">British literature</marc:subfield><marc:subfield code="x">Adaptations.</marc:subfield><marc:subfield code="2">local</marc:subfield></marc:datafield><marc:datafield tag="691" ind1=" " ind2=" "><marc:subfield code="a">UK.</marc:subfield></marc:datafield><marc:datafield tag="700" ind1="1" ind2=" "><marc:subfield code="a">Shakespeare, William,</marc:subfield><marc:subfield code="d">1564-1616.</marc:subfield><marc:subfield code="t">Macbeth.</marc:subfield></marc:datafield><marc:datafield tag="700" ind1="1" ind2=" "><marc:subfield code="a">Gold, Jack,</marc:subfield><marc:subfield code="d">1930-2015.</marc:subfield><marc:subfield code="4">drt</marc:subfield></marc:datafield><marc:datafield tag="710" ind1="2" ind2=" "><marc:subfield code="a">British Broadcasting Corporation.</marc:subfield><marc:subfield code="b">Television Service.</marc:subfield></marc:datafield><marc:datafield tag="710" ind1="2" ind2=" "><marc:subfield code="a">Time-Life Television.</marc:subfield></marc:datafield><marc:datafield tag="830" ind1=" " ind2="0"><marc:subfield code="a">Shakespeare plays.</marc:subfield></marc:datafield><marc:datafield tag="907" ind1=" " ind2=" "><marc:subfield code="a">b1892545</marc:subfield></marc:datafield><marc:datafield tag="919" ind1=" " ind2=" "><marc:subfield code="t">Macbeth Related</marc:subfield></marc:datafield><marc:datafield tag="999" ind1="9" ind2="1"><marc:subfield code="i">i2739457</marc:subfield><marc:subfield code="l">truls</marc:subfield><marc:subfield code="s">o</marc:subfield><marc:subfield code="t">57</marc:subfield><marc:subfield code="c">2</marc:subfield><marc:subfield code="o">12</marc:subfield><marc:subfield code="b">00006500333</marc:subfield><marc:subfield code="p">099#9</marc:subfield><marc:subfield code="q">|a65-V321</marc:subfield><marc:subfield code="v">pt.1&amp;2</marc:subfield><marc:subfield code="n">Ask at Media Resources Desk for assistance. Phone: (919)-962-2559. Email address: mrc@unc.edu</marc:subfield></marc:datafield><marc:datafield tag="999" ind1="9" ind2="1"><marc:subfield code="i">i2739458</marc:subfield><marc:subfield code="l">ulba</marc:subfield><marc:subfield code="s">o</marc:subfield><marc:subfield code="t">82</marc:subfield><marc:subfield code="c">3</marc:subfield><marc:subfield code="o">0</marc:subfield><marc:subfield code="b">00006525094</marc:subfield><marc:subfield code="p">099#9</marc:subfield><marc:subfield code="q">|a65-V321</marc:subfield><marc:subfield code="v">pt.1&amp;2</marc:subfield></marc:datafield><marc:datafield tag="999" ind1="0" ind2="0"><marc:subfield code="a">2004-10-01 00:00:00-04</marc:subfield><marc:subfield code="c">2004-09-30 09:33:00-04</marc:subfield><marc:subfield code="u">2017-06-09 10:57:22-04</marc:subfield></marc:datafield></marc:record>