
<marc:record><marc:leader>01716cgm a2200373Ia 4500</marc:leader>
<marc:controlfield tag="007">vfrbbaho</marc:controlfield>
<marc:controlfield tag="008">831022r19831948cau089u           vleng d</marc:controlfield><marc:controlfield tag="001">10047151</marc:controlfield><marc:controlfield tag="005">19831207000000.0</marc:controlfield><marc:datafield tag="040" ind1=" " ind2=" "><marc:subfield code="a">FPL</marc:subfield><marc:subfield code="c">FPL</marc:subfield><marc:subfield code="d">NOC</marc:subfield></marc:datafield><marc:datafield tag="245" ind1="0" ind2="0"><marc:subfield code="a">Macbeth</marc:subfield><marc:subfield code="h">[videocassette] /</marc:subfield><marc:subfield code="c">Republic Pictures.</marc:subfield></marc:datafield><marc:datafield tag="246" ind1="3" ind2=" "><marc:subfield code="a">MacBeth (Orson Welles)</marc:subfield></marc:datafield><marc:datafield tag="260" ind1=" " ind2=" "><marc:subfield code="a">Los Angeles, CA :</marc:subfield><marc:subfield code="b">NTA Home Entertainment,</marc:subfield><marc:subfield code="c">c1983.</marc:subfield></marc:datafield><marc:datafield tag="300" ind1=" " ind2=" "><marc:subfield code="a">1 videocassette (89 min.) :</marc:subfield><marc:subfield code="b">sd., b&amp;w ;</marc:subfield><marc:subfield code="c">1/2 in.</marc:subfield></marc:datafield><marc:datafield tag="500" ind1=" " ind2=" "><marc:subfield code="a">Originally produced or released in 1948.</marc:subfield></marc:datafield><marc:datafield tag="500" ind1=" " ind2=" "><marc:subfield code="a">Run time: approx. 89 USA:107 (restored version) min.</marc:subfield></marc:datafield><marc:datafield tag="500" ind1=" " ind2=" "><marc:subfield code="a">VHS format.</marc:subfield></marc:datafield><marc:datafield tag="500" ind1=" " ind2=" "><marc:subfield code="a">Videocassette release of the 1948 original version by Republic Pictures.</marc:subfield></marc:datafield><marc:datafield tag="508" ind1=" " ind2=" "><marc:subfield code="a">Producer-director, Orson Welles ; music, Jacques Ibert.</marc:subfield></marc:datafield><marc:datafield tag="511" ind1="1" ind2=" "><marc:subfield code="a">Orson Welles, Jeanette Nolan, Dan O'Herlihy, Roddy McDowall, Edgar Barrier, Alan Napier, Erskine Sanford, John Dierkes, Keene Curtis, Peggy Webber.</marc:subfield></marc:datafield><marc:datafield tag="520" ind1=" " ind2=" "><marc:subfield code="a">A dramatization of William Shakespeare's tragedy entitled Macbeth.</marc:subfield></marc:datafield><marc:datafield tag="650" ind1=" " ind2="0"><marc:subfield code="a">English drama</marc:subfield><marc:subfield code="y">Early modern and Elizabethan, 1500-1600.</marc:subfield></marc:datafield><marc:datafield tag="655" ind1=" " ind2="7"><marc:subfield code="a">British literature</marc:subfield><marc:subfield code="x">Adaptations.</marc:subfield><marc:subfield code="2">local</marc:subfield></marc:datafield><marc:datafield tag="655" ind1=" " ind2="7"><marc:subfield code="a">Drama.</marc:subfield><marc:subfield code="2">local</marc:subfield></marc:datafield><marc:datafield tag="655" ind1=" " ind2="7"><marc:subfield code="a">Shakespeare On Film.</marc:subfield><marc:subfield code="2">local</marc:subfield></marc:datafield><marc:datafield tag="655" ind1=" " ind2="7"><marc:subfield code="a">Theater - Plays.</marc:subfield><marc:subfield code="2">local</marc:subfield></marc:datafield><marc:datafield tag="691" ind1=" " ind2=" "><marc:subfield code="a">USA.</marc:subfield></marc:datafield><marc:datafield tag="700" ind1="1" ind2=" "><marc:subfield code="a">Shakespeare, William,</marc:subfield><marc:subfield code="d">1564-1616.</marc:subfield><marc:subfield code="t">Macbeth.</marc:subfield></marc:datafield><marc:datafield tag="700" ind1="1" ind2=" "><marc:subfield code="a">Welles, Orson,</marc:subfield><marc:subfield code="d">1915-1985.</marc:subfield></marc:datafield><marc:datafield tag="710" ind1="2" ind2=" "><marc:subfield code="a">Republic Pictures Corporation.</marc:subfield></marc:datafield><marc:datafield tag="907" ind1=" " ind2=" "><marc:subfield code="a">b1920098</marc:subfield></marc:datafield><marc:datafield tag="919" ind1=" " ind2=" "><marc:subfield code="t">Macbeth Related</marc:subfield></marc:datafield><marc:datafield tag="999" ind1="9" ind2="1"><marc:subfield code="i">i2778259</marc:subfield><marc:subfield code="l">uldal</marc:subfield><marc:subfield code="s">e</marc:subfield><marc:subfield code="t">57</marc:subfield><marc:subfield code="c">1</marc:subfield><marc:subfield code="o">10</marc:subfield><marc:subfield code="d">20180403</marc:subfield><marc:subfield code="b">00006442487</marc:subfield><marc:subfield code="p">099#9</marc:subfield><marc:subfield code="q">|a65-V392</marc:subfield><marc:subfield code="n">Ask at Media Resources Desk for assistance.  Phone: (919)-962-2559. Email address: mrc@unc.edu</marc:subfield></marc:datafield><marc:datafield tag="999" ind1="0" ind2="0"><marc:subfield code="a">2004-10-01 00:00:00-04</marc:subfield><marc:subfield code="c">2004-09-30 09:38:00-04</marc:subfield><marc:subfield code="u">2016-06-07 12:31:00-04</marc:subfield></marc:datafield></marc:record>