
<marc:record><marc:leader>00750cam a2200205Ia 4500</marc:leader>
<marc:controlfield tag="008">850130s1954    sp            000 0 spa d</marc:controlfield>
<marc:controlfield tag="001">11638726</marc:controlfield><marc:controlfield tag="005">19850130000000.0</marc:controlfield><marc:datafield tag="040" ind1=" " ind2=" "><marc:subfield code="a">NOC</marc:subfield><marc:subfield code="c">NOC</marc:subfield></marc:datafield><marc:datafield tag="100" ind1="0" ind2=" "><marc:subfield code="a">León Felipe,</marc:subfield><marc:subfield code="d">1884-1968.</marc:subfield></marc:datafield><marc:datafield tag="245" ind1="1" ind2="0"><marc:subfield code="a">Macbeth, o, El asesino del sueño :</marc:subfield><marc:subfield code="b">paráfrasis de la tragedia de Shakespeare /</marc:subfield><marc:subfield code="c">por León Felipe.</marc:subfield></marc:datafield><marc:datafield tag="260" ind1=" " ind2=" "><marc:subfield code="a">México :</marc:subfield><marc:subfield code="b">Librería Madero,</marc:subfield><marc:subfield code="c">1954.</marc:subfield></marc:datafield><marc:datafield tag="300" ind1=" " ind2=" "><marc:subfield code="a">46 p. ;</marc:subfield><marc:subfield code="c">30 cm.</marc:subfield></marc:datafield><marc:datafield tag="700" ind1="1" ind2=" "><marc:subfield code="a">Shakespeare, William,</marc:subfield><marc:subfield code="d">1564-1616.</marc:subfield><marc:subfield code="t">Macbeth.</marc:subfield></marc:datafield><marc:datafield tag="740" ind1="0" ind2=" "><marc:subfield code="a">Macbeth.</marc:subfield></marc:datafield><marc:datafield tag="740" ind1="3" ind2=" "><marc:subfield code="a">El asesino del sueño.</marc:subfield></marc:datafield><marc:datafield tag="907" ind1=" " ind2=" "><marc:subfield code="a">b2011749</marc:subfield></marc:datafield><marc:datafield tag="919" ind1=" " ind2=" "><marc:subfield code="t">Macbeth Related</marc:subfield></marc:datafield><marc:datafield tag="999" ind1="9" ind2="1"><marc:subfield code="i">i2909659</marc:subfield><marc:subfield code="l">trln</marc:subfield><marc:subfield code="s">-</marc:subfield><marc:subfield code="t">0</marc:subfield><marc:subfield code="c">1</marc:subfield><marc:subfield code="o">0</marc:subfield><marc:subfield code="b">00002601287</marc:subfield><marc:subfield code="p">090##</marc:subfield><marc:subfield code="q">|aPQ6605.A67 M28 1954</marc:subfield></marc:datafield><marc:datafield tag="999" ind1="0" ind2="0"><marc:subfield code="a">2004-10-01 00:00:00-04</marc:subfield><marc:subfield code="c">2004-10-01 08:32:58-04</marc:subfield><marc:subfield code="u">2016-10-23 16:27:11-04</marc:subfield></marc:datafield></marc:record>