
<marc:record><marc:leader>01965cgm a2200445Ia 4500</marc:leader>
<marc:controlfield tag="008">900305s1984    ilu105            vljpn d</marc:controlfield>
<marc:controlfield tag="007">vf-bbaho-</marc:controlfield><marc:controlfield tag="001">11932403</marc:controlfield><marc:controlfield tag="005">19900305000000.0</marc:controlfield><marc:datafield tag="040" ind1=" " ind2=" "><marc:subfield code="a">VA@</marc:subfield><marc:subfield code="c">VA@</marc:subfield><marc:subfield code="d">m/c</marc:subfield><marc:subfield code="d">NOC</marc:subfield></marc:datafield><marc:datafield tag="041" ind1=" " ind2=" "><marc:subfield code="a">jpn</marc:subfield><marc:subfield code="b">eng</marc:subfield></marc:datafield><marc:datafield tag="245" ind1="0" ind2="0"><marc:subfield code="a">Throne of blood</marc:subfield><marc:subfield code="h">[videocassette] /</marc:subfield><marc:subfield code="c">produced and directed by Akira Kurosawa.</marc:subfield></marc:datafield><marc:datafield tag="246" ind1="3" ind2=" "><marc:subfield code="a">Castle of the spider's web</marc:subfield></marc:datafield><marc:datafield tag="246" ind1="3" ind2=" "><marc:subfield code="a">Cobweb castle</marc:subfield></marc:datafield><marc:datafield tag="246" ind1="3" ind2=" "><marc:subfield code="a">Das schloss im spinnwebwald</marc:subfield></marc:datafield><marc:datafield tag="246" ind1="3" ind2=" "><marc:subfield code="a">Kumonosu jo</marc:subfield></marc:datafield><marc:datafield tag="260" ind1=" " ind2=" "><marc:subfield code="a">Chicago, Ill. :</marc:subfield><marc:subfield code="b">International Historic Films,</marc:subfield><marc:subfield code="c">[1984?]</marc:subfield></marc:datafield><marc:datafield tag="300" ind1=" " ind2=" "><marc:subfield code="a">1 videocassette (105 min.) :</marc:subfield><marc:subfield code="b">sd., b&amp;w ;</marc:subfield><marc:subfield code="c">1/2 in.</marc:subfield></marc:datafield><marc:datafield tag="500" ind1=" " ind2=" "><marc:subfield code="a">Originally produced or released in 1957.</marc:subfield></marc:datafield><marc:datafield tag="500" ind1=" " ind2=" "><marc:subfield code="a">Run time: approx. 109 min.</marc:subfield></marc:datafield><marc:datafield tag="500" ind1=" " ind2=" "><marc:subfield code="a">In Japanese with English subtitles.</marc:subfield></marc:datafield><marc:datafield tag="500" ind1=" " ind2=" "><marc:subfield code="a">Based on Shakespeare's Macbeth.</marc:subfield></marc:datafield><marc:datafield tag="508" ind1=" " ind2=" "><marc:subfield code="a">Screenplay, Akira Kurosawa, Shinobu Hashimoto, Ryuzo Kikushima, Hideo Oguni ; photography, Asaichi Hakai ; msic, Masaru Sato ; English adaptaion, Donald Richie.</marc:subfield></marc:datafield><marc:datafield tag="511" ind1="1" ind2=" "><marc:subfield code="a">Toshiro Mifune, Isuzu Yamada, Takashi Shimura, Minoru Chiaki, Takamaru Sasaki, Chiako Naniwa.</marc:subfield></marc:datafield><marc:datafield tag="520" ind1=" " ind2=" "><marc:subfield code="a">A samurai lord kills his master and usurps his power in fulfillment of a witch's prophecy.</marc:subfield></marc:datafield><marc:datafield tag="655" ind1=" " ind2="7"><marc:subfield code="a">Drama.</marc:subfield><marc:subfield code="2">local</marc:subfield></marc:datafield><marc:datafield tag="655" ind1=" " ind2="7"><marc:subfield code="a">Japanese Cinema.</marc:subfield><marc:subfield code="2">local</marc:subfield></marc:datafield><marc:datafield tag="655" ind1=" " ind2="7"><marc:subfield code="a">Shakespeare On Film.</marc:subfield><marc:subfield code="2">local</marc:subfield></marc:datafield><marc:datafield tag="655" ind1=" " ind2="7"><marc:subfield code="a">Theater - Plays.</marc:subfield><marc:subfield code="2">local</marc:subfield></marc:datafield><marc:datafield tag="655" ind1=" " ind2="7"><marc:subfield code="a">War Movies.</marc:subfield><marc:subfield code="2">local</marc:subfield></marc:datafield><marc:datafield tag="691" ind1=" " ind2=" "><marc:subfield code="a">Japan.</marc:subfield></marc:datafield><marc:datafield tag="700" ind1="1" ind2=" "><marc:subfield code="a">Kurosawa, Akira,</marc:subfield><marc:subfield code="d">1910-1998.</marc:subfield><marc:subfield code="4">drt</marc:subfield></marc:datafield><marc:datafield tag="700" ind1="1" ind2=" "><marc:subfield code="a">Shakespeare, William,</marc:subfield><marc:subfield code="d">1564-1616.</marc:subfield><marc:subfield code="t">Macbeth.</marc:subfield></marc:datafield><marc:datafield tag="710" ind1="2" ind2=" "><marc:subfield code="a">TÅhÅ Kabushiki Kaisha.</marc:subfield></marc:datafield><marc:datafield tag="740" ind1="0" ind2=" "><marc:subfield code="a">Kumonosu-jo.</marc:subfield></marc:datafield><marc:datafield tag="907" ind1=" " ind2=" "><marc:subfield code="a">b2028124</marc:subfield></marc:datafield><marc:datafield tag="919" ind1=" " ind2=" "><marc:subfield code="t">Macbeth Related</marc:subfield></marc:datafield><marc:datafield tag="999" ind1="9" ind2="1"><marc:subfield code="i">i2931966</marc:subfield><marc:subfield code="l">truls</marc:subfield><marc:subfield code="s">o</marc:subfield><marc:subfield code="t">57</marc:subfield><marc:subfield code="c">2</marc:subfield><marc:subfield code="o">157</marc:subfield><marc:subfield code="b">00010405778</marc:subfield><marc:subfield code="p">099#9</marc:subfield><marc:subfield code="q">|a65-V592</marc:subfield><marc:subfield code="n">Ask at Media Resources Desk for assistance. Phone: (919)-962-2559. Email address: mrc@unc.edu</marc:subfield></marc:datafield><marc:datafield tag="999" ind1="9" ind2="1"><marc:subfield code="i">i2931965</marc:subfield><marc:subfield code="l">ulba</marc:subfield><marc:subfield code="s">o</marc:subfield><marc:subfield code="t">82</marc:subfield><marc:subfield code="c">1</marc:subfield><marc:subfield code="o">0</marc:subfield><marc:subfield code="b">00006449300</marc:subfield><marc:subfield code="p">099#9</marc:subfield><marc:subfield code="q">|a65-V592</marc:subfield></marc:datafield><marc:datafield tag="999" ind1="0" ind2="0"><marc:subfield code="a">2004-10-01 00:00:00-04</marc:subfield><marc:subfield code="c">2004-10-01 08:34:00-04</marc:subfield><marc:subfield code="u">2017-11-15 15:02:37-05</marc:subfield></marc:datafield></marc:record>