
<marc:record><marc:leader>01010cam a2200229Ia 4500</marc:leader>
<marc:controlfield tag="008">860618s1838    sp            000 0 spa d</marc:controlfield>
<marc:controlfield tag="001">13742824</marc:controlfield><marc:controlfield tag="005">19860618000000.0</marc:controlfield><marc:datafield tag="040" ind1=" " ind2=" "><marc:subfield code="a">NOC</marc:subfield><marc:subfield code="c">NOC</marc:subfield></marc:datafield><marc:datafield tag="100" ind1="1" ind2=" "><marc:subfield code="a">García de Villalta, José.</marc:subfield></marc:datafield><marc:datafield tag="245" ind1="1" ind2="0"><marc:subfield code="a">Macbeth :</marc:subfield><marc:subfield code="b">drama histórico en cinco actos /</marc:subfield><marc:subfield code="c">compuesto en inglés por William Shakspeare [sic] ; y traducido libremente al castellano por José García Villalta.</marc:subfield></marc:datafield><marc:datafield tag="260" ind1=" " ind2=" "><marc:subfield code="a">Madrid :</marc:subfield><marc:subfield code="b">Impr. de J.M. Repullés,</marc:subfield><marc:subfield code="c">1838.</marc:subfield></marc:datafield><marc:datafield tag="300" ind1=" " ind2=" "><marc:subfield code="a">100 p. ;</marc:subfield><marc:subfield code="c">18 cm.</marc:subfield></marc:datafield><marc:datafield tag="500" ind1=" " ind2=" "><marc:subfield code="a">No. 12, in vol. 101 with binder's title: Teatro Español Borrás.</marc:subfield></marc:datafield><marc:datafield tag="700" ind1="1" ind2=" "><marc:subfield code="a">Shakespeare, William,</marc:subfield><marc:subfield code="d">1564-1616.</marc:subfield><marc:subfield code="t">Macbeth.</marc:subfield></marc:datafield><marc:datafield tag="907" ind1=" " ind2=" "><marc:subfield code="a">b2122321</marc:subfield></marc:datafield><marc:datafield tag="919" ind1=" " ind2=" "><marc:subfield code="t">Macbeth Related</marc:subfield></marc:datafield><marc:datafield tag="999" ind1="9" ind2="1"><marc:subfield code="i">i3065779</marc:subfield><marc:subfield code="l">wcda</marc:subfield><marc:subfield code="s">o</marc:subfield><marc:subfield code="t">0</marc:subfield><marc:subfield code="c">1</marc:subfield><marc:subfield code="o">0</marc:subfield><marc:subfield code="b">HAKP-9705-00001</marc:subfield><marc:subfield code="p">090##</marc:subfield><marc:subfield code="q">|aPQ6217 .T443 v. 101, no. 12</marc:subfield></marc:datafield><marc:datafield tag="999" ind1="9" ind2="2"><marc:subfield code="a">c2352064</marc:subfield><marc:subfield code="b">wcda</marc:subfield><marc:subfield code="c">0</marc:subfield></marc:datafield><marc:datafield tag="999" ind1="9" ind2="3"><marc:subfield code="0">c2352064</marc:subfield><marc:subfield code="2">852</marc:subfield><marc:subfield code="3">c</marc:subfield><marc:subfield code="b">572211</marc:subfield><marc:subfield code="h">PQ6217</marc:subfield><marc:subfield code="i">.T443 v. 101, no. 12</marc:subfield></marc:datafield><marc:datafield tag="999" ind1="9" ind2="3"><marc:subfield code="0">c2352064</marc:subfield><marc:subfield code="2">852</marc:subfield><marc:subfield code="3">e</marc:subfield><marc:subfield code="p">HAKP-9705-00001</marc:subfield><marc:subfield code="t">1</marc:subfield></marc:datafield><marc:datafield tag="999" ind1="0" ind2="0"><marc:subfield code="a">2004-10-01 00:00:00-04</marc:subfield><marc:subfield code="c">2004-10-01 08:56:34-04</marc:subfield><marc:subfield code="u">2017-06-09 11:13:24-04</marc:subfield></marc:datafield></marc:record>