
<marc:record><marc:leader>03067cgm a2200421Ia 4500</marc:leader>
<marc:controlfield tag="008">870202r19861971cau139            vleng d</marc:controlfield>
<marc:controlfield tag="007">vfrcbaho-</marc:controlfield><marc:controlfield tag="001">13960546</marc:controlfield><marc:controlfield tag="005">19890110112738.6</marc:controlfield><marc:datafield tag="040" ind1=" " ind2=" "><marc:subfield code="a">FPL</marc:subfield><marc:subfield code="c">FPL</marc:subfield><marc:subfield code="d">NOC</marc:subfield></marc:datafield><marc:datafield tag="245" ind1="0" ind2="0"><marc:subfield code="a">Macbeth</marc:subfield><marc:subfield code="h">[videocassette] /</marc:subfield><marc:subfield code="c">Playboy Productions, Inc. and Columbia Pictures Industries, Inc.</marc:subfield></marc:datafield><marc:datafield tag="246" ind1="3" ind2=" "><marc:subfield code="a">MacBeth (Polanski)</marc:subfield></marc:datafield><marc:datafield tag="260" ind1=" " ind2=" "><marc:subfield code="a">Burbank, CA :</marc:subfield><marc:subfield code="b">RCA/Columbia Pictures Home Video,</marc:subfield><marc:subfield code="c">1986.</marc:subfield></marc:datafield><marc:datafield tag="300" ind1=" " ind2=" "><marc:subfield code="a">1 videocassette (139 min.) :</marc:subfield><marc:subfield code="b">sd., col. ;</marc:subfield><marc:subfield code="c">1/2 in.</marc:subfield></marc:datafield><marc:datafield tag="500" ind1=" " ind2=" "><marc:subfield code="a">Originally produced or released in 1971.</marc:subfield></marc:datafield><marc:datafield tag="500" ind1=" " ind2=" "><marc:subfield code="a">Run time: approx. 140 min.</marc:subfield></marc:datafield><marc:datafield tag="500" ind1=" " ind2=" "><marc:subfield code="a">VHS format.</marc:subfield></marc:datafield><marc:datafield tag="500" ind1=" " ind2=" "><marc:subfield code="a">&quot;VHS 60622&quot;</marc:subfield></marc:datafield><marc:datafield tag="500" ind1=" " ind2=" "><marc:subfield code="a">Based on &quot;The tragedy of Macbeth&quot; by William Shakespeare.</marc:subfield></marc:datafield><marc:datafield tag="500" ind1=" " ind2=" "><marc:subfield code="a">Rated R.</marc:subfield></marc:datafield><marc:datafield tag="508" ind1=" " ind2=" "><marc:subfield code="a">Screenplay, Roman Polanski, Kenneth Tynan ; executive producer, Hugh M. Hefner ; producer, Andrew Braunsberg ; director, Roman Polanski ; photographer, Gilbert Taylor ; music, Third Ear Band.</marc:subfield></marc:datafield><marc:datafield tag="511" ind1=" " ind2=" "><marc:subfield code="a">Jon Finch, Francesca Annis, Martin Shaw, Nicholas Selby, John Stired, Stephan Chase, Paul Shelly, Terence Bayler, Andrew Laurence.</marc:subfield></marc:datafield><marc:datafield tag="520" ind1=" " ind2=" "><marc:subfield code="a">This interpretation of MacBeth sparked an unusual amount of controversy for a production of Shakespeare.  It is a violent film, full of kinetic, disturbing images of death and dying -- decapitations and brutal swordplay abound.  Many interpreted the violence as an effort by the director to strike back at the public, especially the American public, for the horrible death of his wife, Sharon Tate, and others in the Manson slaughters.  Whether that assessment has any validity or not is irrelevant to the fact that this version of MacBeth is actually thrilling to watch.  The decision to go with young attractive actors in the roles of MacBeth and Lady MacBeth was a good one.  Jon Finch is properly ambitious and brutish as the traitorous Lord.  Francesca Annis is a lovely Lady MacBeth especially in the moments when her guilt makes her become distracted.  A lot was made of the fact that Hugh Hefner and Playboy magazine produced the film.  That too doesn't matter.  The gore and noise and minor eroticism of the film does nothing to denigrate the play and is obviously closer to the reality of a violent, semi-barbaric epoch in history.  The violence first netted the film an X rating by the MPAA.  A few scenes were cut to have the rating changed.</marc:subfield></marc:datafield><marc:datafield tag="520" ind1=" " ind2=" "><marc:subfield code="a">A dramatization of William Shakespeare's tragedy entitled Macbeth.</marc:subfield></marc:datafield><marc:datafield tag="655" ind1=" " ind2="7"><marc:subfield code="a">British literature</marc:subfield><marc:subfield code="x">Adaptations.</marc:subfield><marc:subfield code="2">local</marc:subfield></marc:datafield><marc:datafield tag="655" ind1=" " ind2="7"><marc:subfield code="a">Drama.</marc:subfield><marc:subfield code="2">local</marc:subfield></marc:datafield><marc:datafield tag="655" ind1=" " ind2="7"><marc:subfield code="a">Historical Dramas.</marc:subfield><marc:subfield code="2">local</marc:subfield></marc:datafield><marc:datafield tag="655" ind1=" " ind2="7"><marc:subfield code="a">Shakespeare On Film.</marc:subfield><marc:subfield code="2">local</marc:subfield></marc:datafield><marc:datafield tag="655" ind1=" " ind2="7"><marc:subfield code="a">Theater - Plays.</marc:subfield><marc:subfield code="2">local</marc:subfield></marc:datafield><marc:datafield tag="691" ind1=" " ind2=" "><marc:subfield code="a">UK.</marc:subfield></marc:datafield><marc:datafield tag="700" ind1="1" ind2=" "><marc:subfield code="a">Polanski, Roman.</marc:subfield><marc:subfield code="4">drt</marc:subfield></marc:datafield><marc:datafield tag="700" ind1="1" ind2=" "><marc:subfield code="a">Shakespeare, William,</marc:subfield><marc:subfield code="d">1564-1616.</marc:subfield><marc:subfield code="t">Macbeth.</marc:subfield></marc:datafield><marc:datafield tag="710" ind1="2" ind2=" "><marc:subfield code="a">Playboy Productions, Inc.</marc:subfield></marc:datafield><marc:datafield tag="710" ind1="2" ind2=" "><marc:subfield code="a">Columbia Pictures Industries.</marc:subfield></marc:datafield><marc:datafield tag="907" ind1=" " ind2=" "><marc:subfield code="a">b2131891</marc:subfield></marc:datafield><marc:datafield tag="919" ind1=" " ind2=" "><marc:subfield code="t">Macbeth Related</marc:subfield></marc:datafield><marc:datafield tag="999" ind1="9" ind2="1"><marc:subfield code="i">i3078730</marc:subfield><marc:subfield code="l">uldal</marc:subfield><marc:subfield code="s">o</marc:subfield><marc:subfield code="t">57</marc:subfield><marc:subfield code="c">1</marc:subfield><marc:subfield code="o">31</marc:subfield><marc:subfield code="b">00006452634</marc:subfield><marc:subfield code="p">099#9</marc:subfield><marc:subfield code="q">|a65-V1139</marc:subfield></marc:datafield><marc:datafield tag="999" ind1="0" ind2="0"><marc:subfield code="a">2004-10-01 00:00:00-04</marc:subfield><marc:subfield code="c">2004-10-01 08:57:00-04</marc:subfield><marc:subfield code="u">2017-06-09 11:13:24-04</marc:subfield></marc:datafield></marc:record>