
<marc:record><marc:leader>01198cam a2200289Ia 4500</marc:leader>
<marc:controlfield tag="008">861208s1858    sp            000 0 spa d</marc:controlfield>
<marc:controlfield tag="001">14940017</marc:controlfield><marc:controlfield tag="005">19870511094129.8</marc:controlfield><marc:datafield tag="040" ind1=" " ind2=" "><marc:subfield code="a">NOC</marc:subfield><marc:subfield code="c">NOC</marc:subfield></marc:datafield><marc:datafield tag="041" ind1="1" ind2=" "><marc:subfield code="a">itaspa</marc:subfield><marc:subfield code="h">ita</marc:subfield></marc:datafield><marc:datafield tag="100" ind1="1" ind2=" "><marc:subfield code="a">Piave, Francesco Maria,</marc:subfield><marc:subfield code="d">1810-1876.</marc:subfield></marc:datafield><marc:datafield tag="240" ind1="1" ind2="0"><marc:subfield code="a">Macbeth.</marc:subfield><marc:subfield code="l">Spanish &amp; Italian</marc:subfield></marc:datafield><marc:datafield tag="245" ind1="1" ind2="0"><marc:subfield code="a">Macbeth :</marc:subfield><marc:subfield code="b">drama fantástico en cuatro actos /</marc:subfield><marc:subfield code="c">música del maestro Verdi.</marc:subfield></marc:datafield><marc:datafield tag="260" ind1=" " ind2=" "><marc:subfield code="a">Mallorca :</marc:subfield><marc:subfield code="b">Impr. de P.J. Gelabert,</marc:subfield><marc:subfield code="c">1858.</marc:subfield></marc:datafield><marc:datafield tag="300" ind1=" " ind2=" "><marc:subfield code="a">59 p. ;</marc:subfield><marc:subfield code="c">19 cm.</marc:subfield></marc:datafield><marc:datafield tag="500" ind1=" " ind2=" "><marc:subfield code="a">Italian text with Spanish translation on facing pages.</marc:subfield></marc:datafield><marc:datafield tag="500" ind1=" " ind2=" "><marc:subfield code="a">Libretto by Francesco Maria Piave, based on Shakespeare's play.</marc:subfield></marc:datafield><marc:datafield tag="500" ind1=" " ind2=" "><marc:subfield code="a">No. 11, in vol. 14 with binder's title: Teatro Borrás : Operas.</marc:subfield></marc:datafield><marc:datafield tag="700" ind1="1" ind2=" "><marc:subfield code="a">Piave, Francesco Maria,</marc:subfield><marc:subfield code="d">1810-1876.</marc:subfield></marc:datafield><marc:datafield tag="700" ind1="1" ind2=" "><marc:subfield code="a">Shakespeare, William,</marc:subfield><marc:subfield code="d">1564-1616.</marc:subfield><marc:subfield code="t">Macbeth.</marc:subfield></marc:datafield><marc:datafield tag="907" ind1=" " ind2=" "><marc:subfield code="a">b2161264</marc:subfield></marc:datafield><marc:datafield tag="919" ind1=" " ind2=" "><marc:subfield code="t">Macbeth Related</marc:subfield></marc:datafield><marc:datafield tag="999" ind1="9" ind2="1"><marc:subfield code="i">i3117826</marc:subfield><marc:subfield code="l">wcda</marc:subfield><marc:subfield code="s">o</marc:subfield><marc:subfield code="t">0</marc:subfield><marc:subfield code="c">1</marc:subfield><marc:subfield code="o">0</marc:subfield><marc:subfield code="b">HAKU-2142-00001</marc:subfield><marc:subfield code="p">090##</marc:subfield><marc:subfield code="q">|aML48 .T442 v. 14, no. 11</marc:subfield></marc:datafield><marc:datafield tag="999" ind1="9" ind2="2"><marc:subfield code="a">c2385719</marc:subfield><marc:subfield code="b">wcda</marc:subfield><marc:subfield code="c">0</marc:subfield></marc:datafield><marc:datafield tag="999" ind1="9" ind2="3"><marc:subfield code="0">c2385719</marc:subfield><marc:subfield code="2">852</marc:subfield><marc:subfield code="3">c</marc:subfield><marc:subfield code="b">572211</marc:subfield><marc:subfield code="h">ML48</marc:subfield><marc:subfield code="i">.T442 v. 14, no. 11</marc:subfield></marc:datafield><marc:datafield tag="999" ind1="9" ind2="3"><marc:subfield code="0">c2385719</marc:subfield><marc:subfield code="2">852</marc:subfield><marc:subfield code="3">e</marc:subfield><marc:subfield code="p">HAKU-2142-00001</marc:subfield><marc:subfield code="t">1</marc:subfield></marc:datafield><marc:datafield tag="999" ind1="0" ind2="0"><marc:subfield code="a">2004-10-01 00:00:00-04</marc:subfield><marc:subfield code="c">2004-10-01 08:59:36-04</marc:subfield><marc:subfield code="u">2017-11-15 15:46:09-05</marc:subfield></marc:datafield></marc:record>