
<marc:record><marc:leader>00708cam a2200193Ia 4500</marc:leader>
<marc:controlfield tag="008">900124s1988    nyuage        000 0 eng d</marc:controlfield>
<marc:controlfield tag="001">19318550</marc:controlfield><marc:controlfield tag="005">19900124000000.0</marc:controlfield><marc:datafield tag="020" ind1=" " ind2=" "><marc:subfield code="a">0573662304</marc:subfield></marc:datafield><marc:datafield tag="040" ind1=" " ind2=" "><marc:subfield code="a">OSU</marc:subfield><marc:subfield code="c">OSU</marc:subfield><marc:subfield code="d">NOC</marc:subfield></marc:datafield><marc:datafield tag="100" ind1="1" ind2=" "><marc:subfield code="a">Briggs, John R.</marc:subfield></marc:datafield><marc:datafield tag="245" ind1="1" ind2="0"><marc:subfield code="a">Shogun Macbeth /</marc:subfield><marc:subfield code="c">adapted by John R. Briggs from the play by William Shakespeare.</marc:subfield></marc:datafield><marc:datafield tag="260" ind1=" " ind2=" "><marc:subfield code="a">New York :</marc:subfield><marc:subfield code="b">S. French,</marc:subfield><marc:subfield code="c">c1988.</marc:subfield></marc:datafield><marc:datafield tag="300" ind1=" " ind2=" "><marc:subfield code="a">78 p. :</marc:subfield><marc:subfield code="b">ill., music, plan ;</marc:subfield><marc:subfield code="c">18 cm.</marc:subfield></marc:datafield><marc:datafield tag="700" ind1="1" ind2=" "><marc:subfield code="a">Shakespeare, William,</marc:subfield><marc:subfield code="d">1564-1616.</marc:subfield><marc:subfield code="t">Macbeth.</marc:subfield></marc:datafield><marc:datafield tag="907" ind1=" " ind2=" "><marc:subfield code="a">b2289541</marc:subfield></marc:datafield><marc:datafield tag="919" ind1=" " ind2=" "><marc:subfield code="t">Macbeth Related</marc:subfield></marc:datafield><marc:datafield tag="999" ind1="9" ind2="1"><marc:subfield code="i">i3295932</marc:subfield><marc:subfield code="l">ddda</marc:subfield><marc:subfield code="s">-</marc:subfield><marc:subfield code="t">0</marc:subfield><marc:subfield code="c">1</marc:subfield><marc:subfield code="o">0</marc:subfield><marc:subfield code="b">00006171162</marc:subfield><marc:subfield code="p">090##</marc:subfield><marc:subfield code="q">|aPS3552.R462 S564 1988</marc:subfield></marc:datafield><marc:datafield tag="999" ind1="0" ind2="0"><marc:subfield code="a">2004-10-01 00:00:00-04</marc:subfield><marc:subfield code="c">2004-10-01 09:17:12-04</marc:subfield><marc:subfield code="u">2013-10-04 10:54:17-04</marc:subfield></marc:datafield></marc:record>