
<marc:record><marc:leader>01388cam a2200337 a 4500</marc:leader>
<marc:controlfield tag="008">910405s1990    enka     bk   000 0 eng  </marc:controlfield>
<marc:controlfield tag="001">20628814</marc:controlfield><marc:controlfield tag="005">19910405000000.0</marc:controlfield><marc:datafield tag="010" ind1=" " ind2=" "><marc:subfield code="a">89024312 /MN</marc:subfield></marc:datafield><marc:datafield tag="020" ind1=" " ind2=" "><marc:subfield code="a">0714541486 (pbk.) :</marc:subfield><marc:subfield code="c">$7.95 (U.S.)</marc:subfield></marc:datafield><marc:datafield tag="040" ind1=" " ind2=" "><marc:subfield code="a">DLC</marc:subfield><marc:subfield code="c">DLC</marc:subfield><marc:subfield code="d">NOC</marc:subfield></marc:datafield><marc:datafield tag="041" ind1="1" ind2=" "><marc:subfield code="a">engita</marc:subfield><marc:subfield code="h">ita</marc:subfield></marc:datafield><marc:datafield tag="082" ind1="0" ind2="0"><marc:subfield code="a">782.1/026/8</marc:subfield><marc:subfield code="2">20</marc:subfield></marc:datafield><marc:datafield tag="100" ind1="1" ind2=" "><marc:subfield code="a">Piave, Francesco Maria,</marc:subfield><marc:subfield code="d">1810-1876.</marc:subfield></marc:datafield><marc:datafield tag="240" ind1="1" ind2="0"><marc:subfield code="a">Macbeth.</marc:subfield><marc:subfield code="l">English &amp; Italian</marc:subfield></marc:datafield><marc:datafield tag="245" ind1="1" ind2="0"><marc:subfield code="a">Macbeth /</marc:subfield><marc:subfield code="c">Giuseppe Verdi ; [Italian libretto by Francesco Maria Piave ; English translation by Jeremy Sams].</marc:subfield></marc:datafield><marc:datafield tag="260" ind1=" " ind2=" "><marc:subfield code="a">London :</marc:subfield><marc:subfield code="b">J. Calder ;</marc:subfield><marc:subfield code="a">New York :</marc:subfield><marc:subfield code="b">Riverrun Press,</marc:subfield><marc:subfield code="c">1990.</marc:subfield></marc:datafield><marc:datafield tag="300" ind1=" " ind2=" "><marc:subfield code="a">96 p. :</marc:subfield><marc:subfield code="b">ill. ;</marc:subfield><marc:subfield code="c">22 cm.</marc:subfield></marc:datafield><marc:datafield tag="500" ind1=" " ind2=" "><marc:subfield code="a">&quot;Published in association with English National Opera.&quot;</marc:subfield></marc:datafield><marc:datafield tag="500" ind1=" " ind2=" "><marc:subfield code="a">Also contains essays on the opera by Giorgio Melchiori, Harold Powers, and Michael R. Booth.</marc:subfield></marc:datafield><marc:datafield tag="504" ind1=" " ind2=" "><marc:subfield code="a">Includes bibliographical references (p. 96) and discography.</marc:subfield></marc:datafield><marc:datafield tag="600" ind1="1" ind2="0"><marc:subfield code="a">Verdi, Giuseppe,</marc:subfield><marc:subfield code="d">1813-1901.</marc:subfield><marc:subfield code="t">Macbeth.</marc:subfield></marc:datafield><marc:datafield tag="650" ind1=" " ind2="0"><marc:subfield code="a">Operas</marc:subfield><marc:subfield code="v">Librettos.</marc:subfield></marc:datafield><marc:datafield tag="700" ind1="1" ind2=" "><marc:subfield code="a">Piave, Francesco Maria,</marc:subfield><marc:subfield code="d">1810-1876.</marc:subfield></marc:datafield><marc:datafield tag="700" ind1="1" ind2=" "><marc:subfield code="a">Sams, Jeremy.</marc:subfield></marc:datafield><marc:datafield tag="700" ind1="1" ind2=" "><marc:subfield code="a">Shakespeare, William,</marc:subfield><marc:subfield code="d">1564-1616.</marc:subfield><marc:subfield code="t">Macbeth.</marc:subfield></marc:datafield><marc:datafield tag="830" ind1=" " ind2="0"><marc:subfield code="a">Opera guide ;</marc:subfield><marc:subfield code="v">41.</marc:subfield></marc:datafield><marc:datafield tag="907" ind1=" " ind2=" "><marc:subfield code="a">b2323970</marc:subfield></marc:datafield><marc:datafield tag="919" ind1=" " ind2=" "><marc:subfield code="t">Macbeth Related</marc:subfield></marc:datafield><marc:datafield tag="999" ind1="9" ind2="1"><marc:subfield code="i">i3344188</marc:subfield><marc:subfield code="l">mmda</marc:subfield><marc:subfield code="s">-</marc:subfield><marc:subfield code="t">0</marc:subfield><marc:subfield code="c">1</marc:subfield><marc:subfield code="o">5</marc:subfield><marc:subfield code="b">00005293666</marc:subfield><marc:subfield code="p">090##</marc:subfield><marc:subfield code="q">|aML50.V484 M22 1990</marc:subfield></marc:datafield><marc:datafield tag="999" ind1="0" ind2="0"><marc:subfield code="a">2004-10-01 00:00:00-04</marc:subfield><marc:subfield code="c">2004-10-01 09:20:35-04</marc:subfield><marc:subfield code="u">2016-04-17 11:35:02-04</marc:subfield></marc:datafield></marc:record>