
<marc:record><marc:leader>01879cam a22003858a 4500</marc:leader>
<marc:controlfield tag="008">910321s1990    nyuaf    b    000 0 eng  </marc:controlfield>
<marc:controlfield tag="001">21196874</marc:controlfield><marc:controlfield tag="005">19910321000000.0</marc:controlfield><marc:datafield tag="010" ind1=" " ind2=" "><marc:subfield code="a">90032464</marc:subfield></marc:datafield><marc:datafield tag="020" ind1=" " ind2=" "><marc:subfield code="a">0313273340 (lib. bdg. : alk. paper)</marc:subfield></marc:datafield><marc:datafield tag="040" ind1=" " ind2=" "><marc:subfield code="a">DLC</marc:subfield><marc:subfield code="c">DLC</marc:subfield><marc:subfield code="d">NOC</marc:subfield></marc:datafield><marc:datafield tag="043" ind1=" " ind2=" "><marc:subfield code="a">n-us-ny</marc:subfield></marc:datafield><marc:datafield tag="082" ind1="0" ind2="0"><marc:subfield code="a">792/.09747/109043</marc:subfield><marc:subfield code="2">20</marc:subfield></marc:datafield><marc:datafield tag="100" ind1="1" ind2=" "><marc:subfield code="a">Welles, Orson,</marc:subfield><marc:subfield code="d">1915-1985.</marc:subfield></marc:datafield><marc:datafield tag="245" ind1="1" ind2="0"><marc:subfield code="a">Orson Welles on Shakespeare :</marc:subfield><marc:subfield code="b">the W.P.A. and Mercury Theatre playscripts /</marc:subfield><marc:subfield code="c">edited with an introduction by Richard France.</marc:subfield></marc:datafield><marc:datafield tag="260" ind1=" " ind2=" "><marc:subfield code="a">New York :</marc:subfield><marc:subfield code="b">Greenwood Press,</marc:subfield><marc:subfield code="c">1990.</marc:subfield></marc:datafield><marc:datafield tag="300" ind1=" " ind2=" "><marc:subfield code="a">x, 297 p., [18] p. of plates :</marc:subfield><marc:subfield code="b">ill. ;</marc:subfield><marc:subfield code="c">25 cm.</marc:subfield></marc:datafield><marc:datafield tag="500" ind1=" " ind2=" "><marc:subfield code="a">Includes adaptations of Shakespeare's Macbeth and Julius Caesar, and Welles's Five kings, adapted from Shakespeare and based on Raphael Holinshed's Chronicles of England, Scotland, and Ireland.</marc:subfield></marc:datafield><marc:datafield tag="504" ind1=" " ind2=" "><marc:subfield code="a">Bibliography: p. [295]-297.</marc:subfield></marc:datafield><marc:datafield tag="600" ind1="1" ind2="0"><marc:subfield code="a">Shakespeare, William,</marc:subfield><marc:subfield code="d">1564-1616</marc:subfield><marc:subfield code="v">Adaptations.</marc:subfield></marc:datafield><marc:datafield tag="600" ind1="1" ind2="0"><marc:subfield code="a">Welles, Orson,</marc:subfield><marc:subfield code="d">1915-1985</marc:subfield><marc:subfield code="x">Criticism and interpretation.</marc:subfield></marc:datafield><marc:datafield tag="600" ind1="1" ind2="0"><marc:subfield code="a">Shakespeare, William,</marc:subfield><marc:subfield code="d">1564-1616</marc:subfield><marc:subfield code="x">Stage history</marc:subfield><marc:subfield code="y">1800-1950.</marc:subfield></marc:datafield><marc:datafield tag="600" ind1="1" ind2="0"><marc:subfield code="a">Shakespeare, William,</marc:subfield><marc:subfield code="d">1564-1616</marc:subfield><marc:subfield code="x">Stage history</marc:subfield><marc:subfield code="z">New York (State)</marc:subfield><marc:subfield code="z">New York.</marc:subfield></marc:datafield><marc:datafield tag="610" ind1="1" ind2="0"><marc:subfield code="a">United States.</marc:subfield><marc:subfield code="b">Work Projects Administration.</marc:subfield></marc:datafield><marc:datafield tag="630" ind1="0" ind2="0"><marc:subfield code="a">Mercury Theatre on the air (Radio program)</marc:subfield></marc:datafield><marc:datafield tag="650" ind1=" " ind2="0"><marc:subfield code="a">Theater</marc:subfield><marc:subfield code="z">New York (State)</marc:subfield><marc:subfield code="z">New York</marc:subfield><marc:subfield code="x">History</marc:subfield><marc:subfield code="y">20th century.</marc:subfield></marc:datafield><marc:datafield tag="700" ind1="1" ind2=" "><marc:subfield code="a">France, Richard,</marc:subfield><marc:subfield code="d">1938-</marc:subfield></marc:datafield><marc:datafield tag="700" ind1="1" ind2=" "><marc:subfield code="a">Shakespeare, William,</marc:subfield><marc:subfield code="d">1564-1616.</marc:subfield><marc:subfield code="t">Macbeth.</marc:subfield></marc:datafield><marc:datafield tag="700" ind1="1" ind2=" "><marc:subfield code="a">Shakespeare, William,</marc:subfield><marc:subfield code="d">1564-1616.</marc:subfield><marc:subfield code="t">Julius Caesar.</marc:subfield></marc:datafield><marc:datafield tag="700" ind1="1" ind2="2"><marc:subfield code="a">Welles, Orson,</marc:subfield><marc:subfield code="d">1915-1985.</marc:subfield><marc:subfield code="t">Five kings.</marc:subfield><marc:subfield code="f">1990.</marc:subfield></marc:datafield><marc:datafield tag="830" ind1=" " ind2="0"><marc:subfield code="a">Contributions in drama and theatre studies ;</marc:subfield><marc:subfield code="v">no. 30.</marc:subfield></marc:datafield><marc:datafield tag="907" ind1=" " ind2=" "><marc:subfield code="a">b2339397</marc:subfield></marc:datafield><marc:datafield tag="919" ind1=" " ind2=" "><marc:subfield code="t">Macbeth Related</marc:subfield></marc:datafield><marc:datafield tag="999" ind1="9" ind2="1"><marc:subfield code="i">i3364498</marc:subfield><marc:subfield code="l">ddda</marc:subfield><marc:subfield code="s">-</marc:subfield><marc:subfield code="t">0</marc:subfield><marc:subfield code="c">1</marc:subfield><marc:subfield code="o">16</marc:subfield><marc:subfield code="b">00007250761</marc:subfield><marc:subfield code="p">090##</marc:subfield><marc:subfield code="q">|aPR2877 .W45 1990</marc:subfield></marc:datafield><marc:datafield tag="999" ind1="0" ind2="0"><marc:subfield code="a">2004-10-01 00:00:00-04</marc:subfield><marc:subfield code="c">2004-10-01 09:21:00-04</marc:subfield><marc:subfield code="u">2014-11-21 10:49:14-05</marc:subfield></marc:datafield></marc:record>