
<marc:record><marc:leader>01066ccm a2200265I  4500</marc:leader>
<marc:controlfield tag="008">750519s1951    it opc         n  ||eng  </marc:controlfield>
<marc:controlfield tag="001">1342730</marc:controlfield><marc:controlfield tag="005">19940110175400.0</marc:controlfield><marc:datafield tag="010" ind1=" " ind2=" "><marc:subfield code="a">m  53001484</marc:subfield></marc:datafield><marc:datafield tag="040" ind1=" " ind2=" "><marc:subfield code="a">DLC</marc:subfield><marc:subfield code="c">DRB</marc:subfield><marc:subfield code="d">m.c.</marc:subfield><marc:subfield code="d">IUG</marc:subfield><marc:subfield code="d">NOC</marc:subfield></marc:datafield><marc:datafield tag="041" ind1="1" ind2=" "><marc:subfield code="a">eng</marc:subfield><marc:subfield code="h">fre</marc:subfield></marc:datafield><marc:datafield tag="045" ind1="2" ind2=" "><marc:subfield code="b">d1904</marc:subfield><marc:subfield code="b">d1909</marc:subfield></marc:datafield><marc:datafield tag="050" ind1="0" ind2=" "><marc:subfield code="a">M1503.B649</marc:subfield><marc:subfield code="b">M33 1951</marc:subfield></marc:datafield><marc:datafield tag="100" ind1="1" ind2=" "><marc:subfield code="a">Bloch, Ernest,</marc:subfield><marc:subfield code="d">1880-1959.</marc:subfield></marc:datafield><marc:datafield tag="240" ind1="1" ind2="0"><marc:subfield code="a">Macbeth (Opera).</marc:subfield><marc:subfield code="s">Vocal score.</marc:subfield><marc:subfield code="l">English</marc:subfield></marc:datafield><marc:datafield tag="245" ind1="1" ind2="0"><marc:subfield code="a">Macbeth;</marc:subfield><marc:subfield code="b">lyric drama in seven scenes (a prologue and three acts)</marc:subfield><marc:subfield code="c">Libretto by Edmond Fleg after Shakespeare. English version by Alex Cohen &amp; Ernest Bloch. Vocal score.</marc:subfield></marc:datafield><marc:datafield tag="260" ind1=" " ind2=" "><marc:subfield code="a">Milano,</marc:subfield><marc:subfield code="b">Edizioni Suvini Zerboni</marc:subfield><marc:subfield code="c">[c1951]</marc:subfield></marc:datafield><marc:datafield tag="300" ind1=" " ind2=" "><marc:subfield code="a">1 vocal score (348 p.)</marc:subfield><marc:subfield code="b">port.</marc:subfield><marc:subfield code="c">32 cm.</marc:subfield></marc:datafield><marc:datafield tag="650" ind1=" " ind2="0"><marc:subfield code="a">Operas</marc:subfield><marc:subfield code="v">Vocal scores with piano.</marc:subfield></marc:datafield><marc:datafield tag="700" ind1="1" ind2=" "><marc:subfield code="a">Fleg, Edmond,</marc:subfield><marc:subfield code="d">1874-1963.</marc:subfield></marc:datafield><marc:datafield tag="700" ind1="1" ind2=" "><marc:subfield code="a">Shakespeare, William,</marc:subfield><marc:subfield code="d">1564-1616.</marc:subfield><marc:subfield code="t">Macbeth.</marc:subfield></marc:datafield><marc:datafield tag="907" ind1=" " ind2=" "><marc:subfield code="a">b2471263</marc:subfield></marc:datafield><marc:datafield tag="919" ind1=" " ind2=" "><marc:subfield code="t">Macbeth Related</marc:subfield></marc:datafield><marc:datafield tag="999" ind1="9" ind2="1"><marc:subfield code="i">i3553085</marc:subfield><marc:subfield code="l">mmda</marc:subfield><marc:subfield code="s">-</marc:subfield><marc:subfield code="t">45</marc:subfield><marc:subfield code="c">1</marc:subfield><marc:subfield code="o">3</marc:subfield><marc:subfield code="b">00011130689</marc:subfield><marc:subfield code="p">090##</marc:subfield><marc:subfield code="q">|aM1503.B649 M33 1951</marc:subfield></marc:datafield><marc:datafield tag="999" ind1="0" ind2="0"><marc:subfield code="a">2004-10-01 00:00:00-04</marc:subfield><marc:subfield code="c">2004-10-02 08:18:00-04</marc:subfield><marc:subfield code="u">2013-10-04 14:46:42-04</marc:subfield></marc:datafield></marc:record>