
<marc:record><marc:leader>01243ccm a2200289Ia 4500</marc:leader>
<marc:controlfield tag="008">851112s1961    nyuopc   z     n    ita d</marc:controlfield>
<marc:controlfield tag="001">12783875</marc:controlfield><marc:controlfield tag="005">19940329194940.0</marc:controlfield><marc:datafield tag="019" ind1=" " ind2=" "><marc:subfield code="a">585989</marc:subfield><marc:subfield code="a">1445187</marc:subfield><marc:subfield code="a">3138512</marc:subfield><marc:subfield code="a">4821839</marc:subfield><marc:subfield code="a">14024317</marc:subfield><marc:subfield code="a">19727270</marc:subfield></marc:datafield><marc:datafield tag="040" ind1=" " ind2=" "><marc:subfield code="a">KSW</marc:subfield><marc:subfield code="c">KSW</marc:subfield><marc:subfield code="d">UCW</marc:subfield><marc:subfield code="d">OCL</marc:subfield><marc:subfield code="d">KLM</marc:subfield><marc:subfield code="d">m/c</marc:subfield><marc:subfield code="d">OCL</marc:subfield><marc:subfield code="d">NOC</marc:subfield></marc:datafield><marc:datafield tag="041" ind1="1" ind2=" "><marc:subfield code="a">itaeng</marc:subfield><marc:subfield code="h">ita</marc:subfield><marc:subfield code="e">eng</marc:subfield></marc:datafield><marc:datafield tag="045" ind1="1" ind2=" "><marc:subfield code="a">w4w6</marc:subfield></marc:datafield><marc:datafield tag="100" ind1="1" ind2=" "><marc:subfield code="a">Verdi, Giuseppe,</marc:subfield><marc:subfield code="d">1813-1901.</marc:subfield></marc:datafield><marc:datafield tag="240" ind1="1" ind2="0"><marc:subfield code="a">Macbeth.</marc:subfield><marc:subfield code="s">Vocal score.</marc:subfield><marc:subfield code="l">English &amp; Italian</marc:subfield></marc:datafield><marc:datafield tag="245" ind1="1" ind2="0"><marc:subfield code="a">Macbeth :</marc:subfield><marc:subfield code="b">opera in four acts /</marc:subfield><marc:subfield code="c">music by Giuseppe Verdi ; libretto by Francesco Maria Piave and Andrea Maffei (based on Shakespeare's play) ; English version by Walter Ducloux.</marc:subfield></marc:datafield><marc:datafield tag="260" ind1=" " ind2=" "><marc:subfield code="a">New York :</marc:subfield><marc:subfield code="b">G. Schirmer,</marc:subfield><marc:subfield code="c">c1961.</marc:subfield></marc:datafield><marc:datafield tag="300" ind1=" " ind2=" "><marc:subfield code="a">1 vocal score (320 p.) ;</marc:subfield><marc:subfield code="c">28 cm.</marc:subfield></marc:datafield><marc:datafield tag="650" ind1=" " ind2="0"><marc:subfield code="a">Operas</marc:subfield><marc:subfield code="v">Vocal scores with piano.</marc:subfield></marc:datafield><marc:datafield tag="700" ind1="1" ind2=" "><marc:subfield code="a">Shakespeare, William,</marc:subfield><marc:subfield code="d">1564-1616.</marc:subfield><marc:subfield code="t">Macbeth.</marc:subfield></marc:datafield><marc:datafield tag="700" ind1="1" ind2=" "><marc:subfield code="a">Piave, Francesco Maria,</marc:subfield><marc:subfield code="d">1810-1876.</marc:subfield><marc:subfield code="t">Macbeth.</marc:subfield></marc:datafield><marc:datafield tag="700" ind1="1" ind2=" "><marc:subfield code="a">Maffei, Andrea,</marc:subfield><marc:subfield code="d">1798-1885.</marc:subfield><marc:subfield code="t">Macbeth.</marc:subfield></marc:datafield><marc:datafield tag="700" ind1="1" ind2=" "><marc:subfield code="a">Ducloux, Walter.</marc:subfield></marc:datafield><marc:datafield tag="830" ind1=" " ind2="0"><marc:subfield code="a">G. Schirmer opera score editions.</marc:subfield></marc:datafield><marc:datafield tag="907" ind1=" " ind2=" "><marc:subfield code="a">b2516966</marc:subfield></marc:datafield><marc:datafield tag="919" ind1=" " ind2=" "><marc:subfield code="t">Macbeth Related</marc:subfield></marc:datafield><marc:datafield tag="999" ind1="9" ind2="1"><marc:subfield code="i">i3620814</marc:subfield><marc:subfield code="l">mmda</marc:subfield><marc:subfield code="s">-</marc:subfield><marc:subfield code="t">45</marc:subfield><marc:subfield code="c">1</marc:subfield><marc:subfield code="o">41</marc:subfield><marc:subfield code="b">00011374513</marc:subfield><marc:subfield code="p">090##</marc:subfield><marc:subfield code="q">|aM1503.V484 M33 1961</marc:subfield></marc:datafield><marc:datafield tag="999" ind1="0" ind2="0"><marc:subfield code="a">2004-10-01 00:00:00-04</marc:subfield><marc:subfield code="c">2004-10-02 08:26:44-04</marc:subfield><marc:subfield code="u">2017-11-15 15:46:10-05</marc:subfield></marc:datafield></marc:record>