
<marc:record><marc:leader>01093ccm a2200277I  4500</marc:leader>
<marc:controlfield tag="008">810606s1945    it opc         n    fre d</marc:controlfield>
<marc:controlfield tag="001">7482786</marc:controlfield><marc:controlfield tag="005">19940629140011.0</marc:controlfield><marc:datafield tag="028" ind1="2" ind2="0"><marc:subfield code="a">P. 622</marc:subfield><marc:subfield code="b">Suvini Zerboni</marc:subfield></marc:datafield><marc:datafield tag="040" ind1=" " ind2=" "><marc:subfield code="a">PLF</marc:subfield><marc:subfield code="c">PLF</marc:subfield><marc:subfield code="d">KLM</marc:subfield><marc:subfield code="d">NOC</marc:subfield></marc:datafield><marc:datafield tag="041" ind1="1" ind2=" "><marc:subfield code="a">freita</marc:subfield><marc:subfield code="h">fre</marc:subfield></marc:datafield><marc:datafield tag="045" ind1=" " ind2=" "><marc:subfield code="a">x0x4</marc:subfield></marc:datafield><marc:datafield tag="100" ind1="1" ind2=" "><marc:subfield code="a">Bloch, Ernest,</marc:subfield><marc:subfield code="d">1880-1959.</marc:subfield></marc:datafield><marc:datafield tag="240" ind1="0" ind2="0"><marc:subfield code="a">Macbeth (Opera).</marc:subfield><marc:subfield code="s">Vocal score.</marc:subfield><marc:subfield code="l">Italian &amp; French</marc:subfield></marc:datafield><marc:datafield tag="245" ind1="1" ind2="0"><marc:subfield code="a">Macbeth;</marc:subfield><marc:subfield code="b">drame lyrique en sept tableaux (un prologue et trois actes)</marc:subfield><marc:subfield code="c">poème de Edmond Fleg d'après Shakespeare; version italienne de Mary Tibaldi Chiesa; partition piano et chant.</marc:subfield></marc:datafield><marc:datafield tag="260" ind1=" " ind2=" "><marc:subfield code="a">[Milano]</marc:subfield><marc:subfield code="b">Suvini Zerboni</marc:subfield><marc:subfield code="c">[c1945]</marc:subfield></marc:datafield><marc:datafield tag="300" ind1=" " ind2=" "><marc:subfield code="a">368 p.</marc:subfield><marc:subfield code="c">32 cm.</marc:subfield></marc:datafield><marc:datafield tag="500" ind1=" " ind2=" "><marc:subfield code="a">Pl. no.: P. 662.</marc:subfield></marc:datafield><marc:datafield tag="650" ind1=" " ind2="0"><marc:subfield code="a">Operas</marc:subfield><marc:subfield code="v">Vocal scores with piano.</marc:subfield></marc:datafield><marc:datafield tag="700" ind1="1" ind2=" "><marc:subfield code="a">Fleg, Edmond,</marc:subfield><marc:subfield code="d">1874-1963.</marc:subfield></marc:datafield><marc:datafield tag="700" ind1="1" ind2=" "><marc:subfield code="a">Tibaldi Chiesa, Maria.</marc:subfield></marc:datafield><marc:datafield tag="700" ind1="1" ind2=" "><marc:subfield code="a">Shakespeare, William,</marc:subfield><marc:subfield code="d">1564-1616.</marc:subfield><marc:subfield code="t">Macbeth.</marc:subfield></marc:datafield><marc:datafield tag="907" ind1=" " ind2=" "><marc:subfield code="a">b2597795</marc:subfield></marc:datafield><marc:datafield tag="919" ind1=" " ind2=" "><marc:subfield code="t">Macbeth Related</marc:subfield></marc:datafield><marc:datafield tag="999" ind1="9" ind2="1"><marc:subfield code="i">i3735268</marc:subfield><marc:subfield code="l">mmda</marc:subfield><marc:subfield code="s">-</marc:subfield><marc:subfield code="t">45</marc:subfield><marc:subfield code="c">1</marc:subfield><marc:subfield code="o">0</marc:subfield><marc:subfield code="b">00009818076</marc:subfield><marc:subfield code="p">090##</marc:subfield><marc:subfield code="q">|aM1503.B649 M35 1945</marc:subfield></marc:datafield><marc:datafield tag="999" ind1="0" ind2="0"><marc:subfield code="a">2004-10-01 00:00:00-04</marc:subfield><marc:subfield code="c">2004-10-02 09:31:00-04</marc:subfield><marc:subfield code="u">2017-11-15 15:46:09-05</marc:subfield></marc:datafield></marc:record>