
<marc:record><marc:leader>02301cgm a2200445Ia 4500</marc:leader>
<marc:controlfield tag="008">920513p19911979nju150            vleng d</marc:controlfield>
<marc:controlfield tag="007">vf-cbahou</marc:controlfield><marc:controlfield tag="001">25806056</marc:controlfield><marc:controlfield tag="003">OCoLC</marc:controlfield><marc:controlfield tag="005">19950608100539.0</marc:controlfield><marc:datafield tag="035" ind1=" " ind2=" "><marc:subfield code="a">(OCoLC)25806056</marc:subfield></marc:datafield><marc:datafield tag="040" ind1=" " ind2=" "><marc:subfield code="a">NOR</marc:subfield><marc:subfield code="c">NOR</marc:subfield><marc:subfield code="d">OCL</marc:subfield><marc:subfield code="d">TTU</marc:subfield></marc:datafield><marc:datafield tag="049" ind1=" " ind2=" "><marc:subfield code="a">[Video-][cassette] NOC3</marc:subfield><marc:subfield code="o">anb</marc:subfield></marc:datafield><marc:datafield tag="245" ind1="0" ind2="0"><marc:subfield code="a">Macbeth</marc:subfield><marc:subfield code="h">[videocassette] /</marc:subfield><marc:subfield code="c">a production of Thames Television.</marc:subfield></marc:datafield><marc:datafield tag="246" ind1="3" ind2=" "><marc:subfield code="a">MacBeth (Trevor Nunn)</marc:subfield></marc:datafield><marc:datafield tag="260" ind1=" " ind2=" "><marc:subfield code="a">Princeton, NJ :</marc:subfield><marc:subfield code="b">Films for the Humanities &amp; Sciences,</marc:subfield><marc:subfield code="c">1991.</marc:subfield></marc:datafield><marc:datafield tag="300" ind1=" " ind2=" "><marc:subfield code="a">2 videocassettes (150 min.) :</marc:subfield><marc:subfield code="b">sd., col. ;</marc:subfield><marc:subfield code="c">1/2 in.</marc:subfield></marc:datafield><marc:datafield tag="500" ind1=" " ind2=" "><marc:subfield code="a">Originally produced or released in 1979.</marc:subfield></marc:datafield><marc:datafield tag="500" ind1=" " ind2=" "><marc:subfield code="a">Run time: approx. 150 min.</marc:subfield></marc:datafield><marc:datafield tag="500" ind1=" " ind2=" "><marc:subfield code="a">Also known as A Performance of Macbeth by William Shakespeare.</marc:subfield></marc:datafield><marc:datafield tag="508" ind1=" " ind2=" "><marc:subfield code="a">Producer, Trevor Nunn ; director, Philip Casson ; music, Guy Wolfenden ; videotape editor, Fred Turner ; original theater production design, John Napier ; television design, Mike Hall.</marc:subfield></marc:datafield><marc:datafield tag="511" ind1="1" ind2=" "><marc:subfield code="a">Ian McKellen, Judi Dench, John Woodvine, Bob Peck, Roger Rees, Griffith Jones, Duncan Preston, Marie Kean, Judith Harte, Susan Drury and members of The Royal Shakespeare Company.</marc:subfield></marc:datafield><marc:datafield tag="520" ind1=" " ind2=" "><marc:subfield code="a">A very fine adaptation of Shakespeare's violent tragedy.</marc:subfield></marc:datafield><marc:datafield tag="655" ind1=" " ind2="7"><marc:subfield code="a">British literature</marc:subfield><marc:subfield code="x">Adaptations.</marc:subfield><marc:subfield code="2">local</marc:subfield></marc:datafield><marc:datafield tag="655" ind1=" " ind2="7"><marc:subfield code="a">Drama.</marc:subfield><marc:subfield code="2">local</marc:subfield></marc:datafield><marc:datafield tag="655" ind1=" " ind2="7"><marc:subfield code="a">Shakespeare On Film.</marc:subfield><marc:subfield code="2">local</marc:subfield></marc:datafield><marc:datafield tag="691" ind1=" " ind2=" "><marc:subfield code="a">UK.</marc:subfield></marc:datafield><marc:datafield tag="700" ind1="1" ind2=" "><marc:subfield code="a">Casson, Philip.</marc:subfield><marc:subfield code="4">drt</marc:subfield></marc:datafield><marc:datafield tag="700" ind1="1" ind2=" "><marc:subfield code="a">Shakespeare, William,</marc:subfield><marc:subfield code="d">1564-1616.</marc:subfield><marc:subfield code="t">Macbeth.</marc:subfield></marc:datafield><marc:datafield tag="710" ind1="2" ind2=" "><marc:subfield code="a">Royal Shakespeare Company.</marc:subfield></marc:datafield><marc:datafield tag="710" ind1="2" ind2=" "><marc:subfield code="a">Films for the Humanities (Firm)</marc:subfield></marc:datafield><marc:datafield tag="710" ind1="2" ind2=" "><marc:subfield code="a">Thames Television, ltd.</marc:subfield></marc:datafield><marc:datafield tag="740" ind1="2" ind2=" "><marc:subfield code="a">A performance of Macbeth by William Shakespeare.</marc:subfield></marc:datafield><marc:datafield tag="907" ind1=" " ind2=" "><marc:subfield code="a">b2647793</marc:subfield></marc:datafield><marc:datafield tag="919" ind1=" " ind2=" "><marc:subfield code="t">Macbeth Related</marc:subfield></marc:datafield><marc:datafield tag="999" ind1="9" ind2="1"><marc:subfield code="i">i3808280</marc:subfield><marc:subfield code="l">truls</marc:subfield><marc:subfield code="s">o</marc:subfield><marc:subfield code="t">57</marc:subfield><marc:subfield code="c">1</marc:subfield><marc:subfield code="o">17</marc:subfield><marc:subfield code="b">00006517101</marc:subfield><marc:subfield code="p">099#9</marc:subfield><marc:subfield code="q">|a65-V1504</marc:subfield><marc:subfield code="v">pt.1</marc:subfield><marc:subfield code="n">Ask at Media Resources Desk for assistance. Phone: (919)-962-2559. Email address: mrc@unc.edu</marc:subfield></marc:datafield><marc:datafield tag="999" ind1="9" ind2="1"><marc:subfield code="i">i3808281</marc:subfield><marc:subfield code="l">truls</marc:subfield><marc:subfield code="s">o</marc:subfield><marc:subfield code="t">57</marc:subfield><marc:subfield code="c">1</marc:subfield><marc:subfield code="o">15</marc:subfield><marc:subfield code="b">00006517094</marc:subfield><marc:subfield code="p">099#9</marc:subfield><marc:subfield code="q">|a65-V1504</marc:subfield><marc:subfield code="v">pt.2</marc:subfield><marc:subfield code="n">Ask at Media Resources Desk for assistance. Phone: (919)-962-2559. Email address: mrc@unc.edu</marc:subfield></marc:datafield><marc:datafield tag="999" ind1="9" ind2="1"><marc:subfield code="i">i3808283</marc:subfield><marc:subfield code="l">uldal</marc:subfield><marc:subfield code="s">o</marc:subfield><marc:subfield code="t">57</marc:subfield><marc:subfield code="c">2</marc:subfield><marc:subfield code="o">0</marc:subfield><marc:subfield code="b">00009738965</marc:subfield><marc:subfield code="p">099#9</marc:subfield><marc:subfield code="q">|a65-V1504</marc:subfield><marc:subfield code="v">pt.2</marc:subfield></marc:datafield><marc:datafield tag="999" ind1="9" ind2="1"><marc:subfield code="i">i3808282</marc:subfield><marc:subfield code="l">ulba</marc:subfield><marc:subfield code="s">o</marc:subfield><marc:subfield code="t">82</marc:subfield><marc:subfield code="c">2</marc:subfield><marc:subfield code="o">0</marc:subfield><marc:subfield code="b">00009738956</marc:subfield><marc:subfield code="p">099#9</marc:subfield><marc:subfield code="q">|a65-V1504</marc:subfield><marc:subfield code="v">pt.1</marc:subfield></marc:datafield><marc:datafield tag="999" ind1="0" ind2="0"><marc:subfield code="a">2004-10-01 00:00:00-04</marc:subfield><marc:subfield code="c">2004-10-02 09:37:00-04</marc:subfield><marc:subfield code="u">2017-03-15 14:15:08-04</marc:subfield></marc:datafield></marc:record>