
<marc:record><marc:leader>02013cam a2200397Ia 4500</marc:leader>
<marc:controlfield tag="008">831004s1674    enk     c     000 0 eng d</marc:controlfield>
<marc:controlfield tag="007">hgraob---b---</marc:controlfield><marc:controlfield tag="001">9980075</marc:controlfield><marc:controlfield tag="005">19960229153354.0</marc:controlfield><marc:datafield tag="035" ind1=" " ind2=" "><marc:subfield code="a">2C</marc:subfield></marc:datafield><marc:datafield tag="040" ind1=" " ind2=" "><marc:subfield code="a">TCR</marc:subfield><marc:subfield code="c">TCR</marc:subfield></marc:datafield><marc:datafield tag="100" ind1="1" ind2=" "><marc:subfield code="a">Duffett, Thomas.</marc:subfield></marc:datafield><marc:datafield tag="245" ind1="1" ind2="4"><marc:subfield code="a">The Empress of Morocco</marc:subfield><marc:subfield code="h">[microform] :</marc:subfield><marc:subfield code="b">a farce.</marc:subfield></marc:datafield><marc:datafield tag="260" ind1=" " ind2=" "><marc:subfield code="a">London :</marc:subfield><marc:subfield code="b">Printed for Simon Neal,</marc:subfield><marc:subfield code="c">1674.</marc:subfield></marc:datafield><marc:datafield tag="300" ind1=" " ind2=" "><marc:subfield code="a">[10], 39 p.</marc:subfield></marc:datafield><marc:datafield tag="500" ind1=" " ind2=" "><marc:subfield code="a">The Empress of Morocco is a burlesque of Settle's play of the same name, and the epilogue is a travesty of the witches' scene in Shakespeare's Macbeth.</marc:subfield></marc:datafield><marc:datafield tag="500" ind1=" " ind2=" "><marc:subfield code="a">Written by Thomas Duffet; cf. Nicoll, A.  A hist. of Eng. drama, 1660-1900, 1961: v. 1, p. 407.</marc:subfield></marc:datafield><marc:datafield tag="500" ind1=" " ind2=" "><marc:subfield code="a">&quot;Acted by His Majesties servants.&quot;</marc:subfield></marc:datafield><marc:datafield tag="500" ind1=" " ind2=" "><marc:subfield code="a">Includes: An epilogue spoken by Heccate and three witches : according to the famous mode of Macbeth.</marc:subfield></marc:datafield><marc:datafield tag="510" ind1="4" ind2=" "><marc:subfield code="a">Woodward &amp; McManaway</marc:subfield><marc:subfield code="c">495.</marc:subfield></marc:datafield><marc:datafield tag="533" ind1=" " ind2=" "><marc:subfield code="a">Microopaque.</marc:subfield><marc:subfield code="b">New York :</marc:subfield><marc:subfield code="c">Readex Microprint,</marc:subfield><marc:subfield code="d">1953.</marc:subfield><marc:subfield code="e">1 microopaque ; 23 x 15 cm.</marc:subfield><marc:subfield code="f">(Three centuries of drama.  English, 1642-1700)  (Three centuries of English and American plays, 1500-1830)</marc:subfield></marc:datafield><marc:datafield tag="539" ind1=" " ind2=" "><marc:subfield code="a">s</marc:subfield><marc:subfield code="b">1953</marc:subfield><marc:subfield code="d">nyu</marc:subfield><marc:subfield code="e">n</marc:subfield></marc:datafield><marc:datafield tag="600" ind1="1" ind2="0"><marc:subfield code="a">Settle, Elkanah,</marc:subfield><marc:subfield code="d">1648-1724.</marc:subfield><marc:subfield code="t">Empress of Morocco.</marc:subfield></marc:datafield><marc:datafield tag="600" ind1="1" ind2="0"><marc:subfield code="a">Settle, Elkanah,</marc:subfield><marc:subfield code="d">1648-1724</marc:subfield><marc:subfield code="v">Parodies, imitations, etc.</marc:subfield></marc:datafield><marc:datafield tag="600" ind1="1" ind2="0"><marc:subfield code="a">Shakespeare, William,</marc:subfield><marc:subfield code="d">1564-1616.</marc:subfield><marc:subfield code="t">Macbeth.</marc:subfield></marc:datafield><marc:datafield tag="600" ind1="1" ind2="0"><marc:subfield code="a">Shakespeare, William,</marc:subfield><marc:subfield code="d">1564-1616</marc:subfield><marc:subfield code="v">Parodies, imitations, etc.</marc:subfield></marc:datafield><marc:datafield tag="700" ind1="1" ind2=" "><marc:subfield code="a">Duffett, Thomas.</marc:subfield><marc:subfield code="t">Epilogue spoken by Heccate and three witches.</marc:subfield></marc:datafield><marc:datafield tag="700" ind1="1" ind2=" "><marc:subfield code="a">Settle, Elkanah,</marc:subfield><marc:subfield code="d">1648-1724.</marc:subfield><marc:subfield code="t">Empress of Morocco.</marc:subfield></marc:datafield><marc:datafield tag="700" ind1="1" ind2=" "><marc:subfield code="a">Shakespeare, William,</marc:subfield><marc:subfield code="d">1564-1616.</marc:subfield><marc:subfield code="t">Macbeth.</marc:subfield></marc:datafield><marc:datafield tag="740" ind1="3" ind2=" "><marc:subfield code="a">An epilogue spoken by Heccate and three witches.</marc:subfield></marc:datafield><marc:datafield tag="830" ind1=" " ind2="0"><marc:subfield code="a">Three centuries of drama.</marc:subfield><marc:subfield code="p">English, 1642-1700.</marc:subfield></marc:datafield><marc:datafield tag="830" ind1=" " ind2="0"><marc:subfield code="a">Three centuries of English and American plays, 1500-1830.</marc:subfield></marc:datafield><marc:datafield tag="907" ind1=" " ind2=" "><marc:subfield code="a">b2821176</marc:subfield></marc:datafield><marc:datafield tag="919" ind1=" " ind2=" "><marc:subfield code="t">Macbeth Related</marc:subfield></marc:datafield><marc:datafield tag="999" ind1="9" ind2="1"><marc:subfield code="i">i4049619</marc:subfield><marc:subfield code="l">dgdaf</marc:subfield><marc:subfield code="s">-</marc:subfield><marc:subfield code="t">26</marc:subfield><marc:subfield code="c">1</marc:subfield><marc:subfield code="o">0</marc:subfield><marc:subfield code="b">HAPB-7859-00001</marc:subfield><marc:subfield code="p">099#9</marc:subfield><marc:subfield code="q">|a1-10</marc:subfield></marc:datafield><marc:datafield tag="999" ind1="0" ind2="0"><marc:subfield code="a">2004-10-01 00:00:00-04</marc:subfield><marc:subfield code="c">2004-10-03 07:44:45-04</marc:subfield><marc:subfield code="u">2014-04-29 13:04:03-04</marc:subfield></marc:datafield></marc:record>