
<marc:record><marc:leader>01086cam a2200253Ia 4500</marc:leader>
<marc:controlfield tag="007">hgraob---b---</marc:controlfield>
<marc:controlfield tag="008">820826s1888    xx      c     000 0 eng d</marc:controlfield><marc:controlfield tag="001">8723457</marc:controlfield><marc:controlfield tag="005">19960618161350.0</marc:controlfield><marc:datafield tag="035" ind1=" " ind2=" "><marc:subfield code="a">2C</marc:subfield></marc:datafield><marc:datafield tag="040" ind1=" " ind2=" "><marc:subfield code="a">EAD</marc:subfield><marc:subfield code="c">EAD</marc:subfield></marc:datafield><marc:datafield tag="100" ind1="1" ind2=" "><marc:subfield code="a">Irving, Henry,</marc:subfield><marc:subfield code="c">Sir,</marc:subfield><marc:subfield code="d">1838-1905.</marc:subfield></marc:datafield><marc:datafield tag="245" ind1="1" ind2="0"><marc:subfield code="a">Macbeth</marc:subfield><marc:subfield code="h">[microform] :</marc:subfield><marc:subfield code="b">a tragedy /</marc:subfield><marc:subfield code="c">by William Shakespeare ; as arranged for the stage by Henry Irving ; with music by Arthur Sullivan.</marc:subfield></marc:datafield><marc:datafield tag="260" ind1=" " ind2=" "><marc:subfield code="a">[S.l. :</marc:subfield><marc:subfield code="b">s.n.],</marc:subfield><marc:subfield code="c">1888</marc:subfield><marc:subfield code="e">(London :</marc:subfield><marc:subfield code="f">Nassau Steam Press)</marc:subfield></marc:datafield><marc:datafield tag="300" ind1=" " ind2=" "><marc:subfield code="a">72 p.</marc:subfield></marc:datafield><marc:datafield tag="500" ind1=" " ind2=" "><marc:subfield code="a">Without music.</marc:subfield></marc:datafield><marc:datafield tag="533" ind1=" " ind2=" "><marc:subfield code="a">Microopaque.</marc:subfield><marc:subfield code="b">New York :</marc:subfield><marc:subfield code="c">Readex Microprint,</marc:subfield><marc:subfield code="d">1968.</marc:subfield><marc:subfield code="e">1 microopaque ; 23 x 15 cm.</marc:subfield><marc:subfield code="f">(English and American drama of the nineteenth century. English)</marc:subfield></marc:datafield><marc:datafield tag="539" ind1=" " ind2=" "><marc:subfield code="a">s</marc:subfield><marc:subfield code="b">1968</marc:subfield><marc:subfield code="d">nyu</marc:subfield><marc:subfield code="e">n</marc:subfield></marc:datafield><marc:datafield tag="700" ind1="1" ind2=" "><marc:subfield code="a">Shakespeare, William,</marc:subfield><marc:subfield code="d">1564-1616.</marc:subfield><marc:subfield code="t">Macbeth.</marc:subfield></marc:datafield><marc:datafield tag="830" ind1=" " ind2="0"><marc:subfield code="a">English and American drama of the nineteenth century.</marc:subfield><marc:subfield code="p">English.</marc:subfield></marc:datafield><marc:datafield tag="907" ind1=" " ind2=" "><marc:subfield code="a">b2865309</marc:subfield></marc:datafield><marc:datafield tag="919" ind1=" " ind2=" "><marc:subfield code="t">Macbeth Related</marc:subfield></marc:datafield><marc:datafield tag="999" ind1="9" ind2="1"><marc:subfield code="i">i4103247</marc:subfield><marc:subfield code="l">dgdaf</marc:subfield><marc:subfield code="s">-</marc:subfield><marc:subfield code="t">26</marc:subfield><marc:subfield code="c">1</marc:subfield><marc:subfield code="o">0</marc:subfield><marc:subfield code="b">HATE-1873-00001</marc:subfield><marc:subfield code="p">099#9</marc:subfield><marc:subfield code="q">|a1-4 English.</marc:subfield></marc:datafield><marc:datafield tag="999" ind1="0" ind2="0"><marc:subfield code="a">2004-10-01 00:00:00-04</marc:subfield><marc:subfield code="c">2004-10-03 07:48:43-04</marc:subfield><marc:subfield code="u">2013-10-29 15:12:59-04</marc:subfield></marc:datafield></marc:record>