
<marc:record><marc:leader>01193cam a2200313 a 4500</marc:leader>
<marc:controlfield tag="008">930104s1995    ncua     b    000 0 eng  </marc:controlfield>
<marc:controlfield tag="001">32780792</marc:controlfield><marc:controlfield tag="005">19970505102541.0</marc:controlfield><marc:datafield tag="010" ind1=" " ind2=" "><marc:subfield code="a">92082007 //r96</marc:subfield></marc:datafield><marc:datafield tag="020" ind1=" " ind2=" "><marc:subfield code="a">1880994100</marc:subfield></marc:datafield><marc:datafield tag="040" ind1=" " ind2=" "><marc:subfield code="a">DLC</marc:subfield><marc:subfield code="c">DLC</marc:subfield><marc:subfield code="d">NOC</marc:subfield></marc:datafield><marc:datafield tag="043" ind1=" " ind2=" "><marc:subfield code="a">e-uk-st</marc:subfield></marc:datafield><marc:datafield tag="050" ind1="0" ind2="0"><marc:subfield code="a">PR2823</marc:subfield><marc:subfield code="b">.A25 1995</marc:subfield></marc:datafield><marc:datafield tag="100" ind1="1" ind2=" "><marc:subfield code="a">Kennedy, Nancy Woodell,</marc:subfield><marc:subfield code="d">1943-</marc:subfield></marc:datafield><marc:datafield tag="245" ind1="1" ind2="0"><marc:subfield code="a">I know what you're saying! :</marc:subfield><marc:subfield code="b">this can't be Shakespeare /</marc:subfield><marc:subfield code="c">Nancy Woodell Kennedy.</marc:subfield></marc:datafield><marc:datafield tag="260" ind1=" " ind2=" "><marc:subfield code="a">Mount Olive, NC :</marc:subfield><marc:subfield code="b">Mount Olive College Press,</marc:subfield><marc:subfield code="c">c1995.</marc:subfield></marc:datafield><marc:datafield tag="300" ind1=" " ind2=" "><marc:subfield code="a">41 p. :</marc:subfield><marc:subfield code="b">ill. ;</marc:subfield><marc:subfield code="c">27 cm.</marc:subfield></marc:datafield><marc:datafield tag="500" ind1=" " ind2=" "><marc:subfield code="a">&quot;A paraphrase of Macbeth&quot;--Cover.</marc:subfield></marc:datafield><marc:datafield tag="504" ind1=" " ind2=" "><marc:subfield code="a">Includes bibliographical references.</marc:subfield></marc:datafield><marc:datafield tag="600" ind1="0" ind2="0"><marc:subfield code="a">Macbeth,</marc:subfield><marc:subfield code="c">King of Scotland,</marc:subfield><marc:subfield code="d">active 11th century</marc:subfield><marc:subfield code="v">Drama.</marc:subfield></marc:datafield><marc:datafield tag="600" ind1="1" ind2="0"><marc:subfield code="a">Shakespeare, William,</marc:subfield><marc:subfield code="d">1564-1616</marc:subfield><marc:subfield code="v">Adaptations.</marc:subfield></marc:datafield><marc:datafield tag="700" ind1="1" ind2=" "><marc:subfield code="a">Shakespeare, William,</marc:subfield><marc:subfield code="d">1564-1616.</marc:subfield><marc:subfield code="t">Macbeth.</marc:subfield></marc:datafield><marc:datafield tag="907" ind1=" " ind2=" "><marc:subfield code="a">b3009328</marc:subfield></marc:datafield><marc:datafield tag="919" ind1=" " ind2=" "><marc:subfield code="t">Macbeth Related</marc:subfield></marc:datafield><marc:datafield tag="999" ind1="9" ind2="1"><marc:subfield code="i">i4279741</marc:subfield><marc:subfield code="l">wbda</marc:subfield><marc:subfield code="s">o</marc:subfield><marc:subfield code="t">0</marc:subfield><marc:subfield code="c">1</marc:subfield><marc:subfield code="o">0</marc:subfield><marc:subfield code="b">HAUZ-6578-00001</marc:subfield><marc:subfield code="p">099#9</marc:subfield><marc:subfield code="q">|aCpX K362i</marc:subfield></marc:datafield><marc:datafield tag="999" ind1="9" ind2="2"><marc:subfield code="a">c3190715</marc:subfield><marc:subfield code="b">wbda</marc:subfield><marc:subfield code="c">0</marc:subfield></marc:datafield><marc:datafield tag="999" ind1="9" ind2="3"><marc:subfield code="0">c3190715</marc:subfield><marc:subfield code="2">852</marc:subfield><marc:subfield code="3">c</marc:subfield><marc:subfield code="b">572121</marc:subfield><marc:subfield code="h">CpX</marc:subfield><marc:subfield code="i">K362i</marc:subfield></marc:datafield><marc:datafield tag="999" ind1="9" ind2="3"><marc:subfield code="0">c3190715</marc:subfield><marc:subfield code="2">852</marc:subfield><marc:subfield code="3">e</marc:subfield><marc:subfield code="p">HAUZ-6578-00001</marc:subfield><marc:subfield code="t">1</marc:subfield></marc:datafield><marc:datafield tag="999" ind1="0" ind2="0"><marc:subfield code="a">2004-10-01 00:00:00-04</marc:subfield><marc:subfield code="c">2004-10-04 09:32:58-04</marc:subfield><marc:subfield code="u">2013-10-08 09:40:52-04</marc:subfield></marc:datafield></marc:record>