
<marc:record><marc:leader>01888cgm a2200421Ia 4500</marc:leader>
<marc:controlfield tag="008">991021s1978    nyu146 g          vleng d</marc:controlfield>
<marc:controlfield tag="007">vf cbahou</marc:controlfield><marc:controlfield tag="001">42680633</marc:controlfield><marc:controlfield tag="005">20040523140750.0</marc:controlfield><marc:datafield tag="019" ind1=" " ind2=" "><marc:subfield code="a">41986481</marc:subfield></marc:datafield><marc:datafield tag="020" ind1=" " ind2=" "><marc:subfield code="a">0783115377 :</marc:subfield><marc:subfield code="c">$24.95</marc:subfield></marc:datafield><marc:datafield tag="028" ind1="4" ind2="2"><marc:subfield code="a">91612</marc:subfield><marc:subfield code="b">HBO Video</marc:subfield></marc:datafield><marc:datafield tag="040" ind1=" " ind2=" "><marc:subfield code="a">JTB</marc:subfield><marc:subfield code="c">JTB</marc:subfield><marc:subfield code="d">JED</marc:subfield><marc:subfield code="d">DIV</marc:subfield><marc:subfield code="d">FVC</marc:subfield><marc:subfield code="d">OZA</marc:subfield><marc:subfield code="d">OCLCQ</marc:subfield><marc:subfield code="d">NOC</marc:subfield></marc:datafield><marc:datafield tag="245" ind1="0" ind2="0"><marc:subfield code="a">Macbeth</marc:subfield><marc:subfield code="h">[videocassette] /</marc:subfield><marc:subfield code="c">by William Shakespeare ; Thames Television ; The Royal Shakespeare Company in a production by Trevor Nunn.</marc:subfield></marc:datafield><marc:datafield tag="260" ind1=" " ind2=" "><marc:subfield code="a">New York :</marc:subfield><marc:subfield code="b">HBO Video,</marc:subfield><marc:subfield code="c">1978.</marc:subfield></marc:datafield><marc:datafield tag="300" ind1=" " ind2=" "><marc:subfield code="a">1 videocassette (146 min.) :</marc:subfield><marc:subfield code="b">sd., col. ;</marc:subfield><marc:subfield code="c">1/2 in.</marc:subfield></marc:datafield><marc:datafield tag="500" ind1=" " ind2=" "><marc:subfield code="a">Originally produced or released in 1979.</marc:subfield></marc:datafield><marc:datafield tag="500" ind1=" " ind2=" "><marc:subfield code="a">Run time: approx. 146 min.</marc:subfield></marc:datafield><marc:datafield tag="500" ind1=" " ind2=" "><marc:subfield code="a">Title from cassette label.</marc:subfield></marc:datafield><marc:datafield tag="508" ind1=" " ind2=" "><marc:subfield code="a">Director, Trevor Nunn ; directed for television by Philip Casson ; composer, Guy Woolfenden ; executive producer, Verity Lambert ; designer, John Napier.</marc:subfield></marc:datafield><marc:datafield tag="511" ind1="0" ind2=" "><marc:subfield code="a">Ian McKellen, Judi Dench, Ian McDiarmid, Bob Peck, Roger Rees, Griffith Jones, John Woodvine, John Brown, Grey Hicks.</marc:subfield></marc:datafield><marc:datafield tag="520" ind1=" " ind2=" "><marc:subfield code="a">Presents a production of William Shakespeare's tragedy Macbeth designed especially for television.</marc:subfield></marc:datafield><marc:datafield tag="655" ind1=" " ind2="7"><marc:subfield code="a">Feature films.</marc:subfield><marc:subfield code="2">lcgft</marc:subfield></marc:datafield><marc:datafield tag="700" ind1="1" ind2=" "><marc:subfield code="a">Nunn, Trevor.</marc:subfield></marc:datafield><marc:datafield tag="700" ind1="1" ind2=" "><marc:subfield code="a">McKellen, Ian.</marc:subfield></marc:datafield><marc:datafield tag="700" ind1="1" ind2=" "><marc:subfield code="a">Dench, Judi,</marc:subfield><marc:subfield code="d">1934-</marc:subfield></marc:datafield><marc:datafield tag="700" ind1="1" ind2=" "><marc:subfield code="a">McDiarmid, Ian.</marc:subfield></marc:datafield><marc:datafield tag="700" ind1="1" ind2=" "><marc:subfield code="a">Peck, Bob,</marc:subfield><marc:subfield code="d">1945-1999.</marc:subfield></marc:datafield><marc:datafield tag="700" ind1="1" ind2=" "><marc:subfield code="a">Rees, Roger.</marc:subfield></marc:datafield><marc:datafield tag="700" ind1="1" ind2=" "><marc:subfield code="a">Woodvine, John.</marc:subfield></marc:datafield><marc:datafield tag="700" ind1="1" ind2=" "><marc:subfield code="a">Shakespeare, William,</marc:subfield><marc:subfield code="d">1564-1616.</marc:subfield><marc:subfield code="t">Macbeth.</marc:subfield></marc:datafield><marc:datafield tag="710" ind1="2" ind2=" "><marc:subfield code="a">Royal Shakespeare Company.</marc:subfield></marc:datafield><marc:datafield tag="710" ind1="2" ind2=" "><marc:subfield code="a">Thames Television, ltd.</marc:subfield></marc:datafield><marc:datafield tag="710" ind1="2" ind2=" "><marc:subfield code="a">HBO Video (Firm)</marc:subfield></marc:datafield><marc:datafield tag="907" ind1=" " ind2=" "><marc:subfield code="a">b3276367</marc:subfield></marc:datafield><marc:datafield tag="919" ind1=" " ind2=" "><marc:subfield code="t">Macbeth Related</marc:subfield></marc:datafield><marc:datafield tag="999" ind1="9" ind2="1"><marc:subfield code="i">i4653132</marc:subfield><marc:subfield code="l">truls</marc:subfield><marc:subfield code="s">o</marc:subfield><marc:subfield code="t">57</marc:subfield><marc:subfield code="c">1</marc:subfield><marc:subfield code="o">3</marc:subfield><marc:subfield code="b">00010405705</marc:subfield><marc:subfield code="p">099#9</marc:subfield><marc:subfield code="q">|a65-V7534</marc:subfield><marc:subfield code="n">Ask at Media Resources Desk for assistance. Phone: (919)-962-2559. Email address: mrc@unc.edu</marc:subfield></marc:datafield><marc:datafield tag="999" ind1="0" ind2="0"><marc:subfield code="a">2004-10-01 00:00:00-04</marc:subfield><marc:subfield code="c">2004-10-04 10:28:00-04</marc:subfield><marc:subfield code="u">2014-02-01 06:07:23-05</marc:subfield></marc:datafield></marc:record>