
<marc:record><marc:leader>00876cam a2200217Ia 4500</marc:leader>
<marc:controlfield tag="008">000215s1999    iluc          000 0 eng d</marc:controlfield>
<marc:controlfield tag="001">43462648</marc:controlfield><marc:controlfield tag="005">20000405122847.0</marc:controlfield><marc:datafield tag="020" ind1=" " ind2=" "><marc:subfield code="a">0871299488</marc:subfield></marc:datafield><marc:datafield tag="040" ind1=" " ind2=" "><marc:subfield code="a">VPI</marc:subfield><marc:subfield code="c">VPI</marc:subfield><marc:subfield code="d">NOC</marc:subfield></marc:datafield><marc:datafield tag="100" ind1="1" ind2=" "><marc:subfield code="a">Charles, Nancy Linehan.</marc:subfield></marc:datafield><marc:datafield tag="245" ind1="1" ind2="0"><marc:subfield code="a">Macbeth :</marc:subfield><marc:subfield code="b">a kid's cautionary tale concerning greed, power, mayhem and other current events /</marc:subfield><marc:subfield code="c">adapted from Shakespeare by Nancy Linehan Charles.</marc:subfield></marc:datafield><marc:datafield tag="260" ind1=" " ind2=" "><marc:subfield code="a">Woodstock, Ill. :</marc:subfield><marc:subfield code="b">Dramatic Pub.,</marc:subfield><marc:subfield code="c">c1999.</marc:subfield></marc:datafield><marc:datafield tag="300" ind1=" " ind2=" "><marc:subfield code="a">52 p. :</marc:subfield><marc:subfield code="b">port. ;</marc:subfield><marc:subfield code="c">19 cm.</marc:subfield></marc:datafield><marc:datafield tag="500" ind1=" " ind2=" "><marc:subfield code="a">A play.</marc:subfield></marc:datafield><marc:datafield tag="600" ind1="0" ind2="0"><marc:subfield code="a">Macbeth,</marc:subfield><marc:subfield code="c">King of Scotland,</marc:subfield><marc:subfield code="d">active 11th century</marc:subfield><marc:subfield code="v">Drama.</marc:subfield></marc:datafield><marc:datafield tag="700" ind1="1" ind2=" "><marc:subfield code="a">Shakespeare, William,</marc:subfield><marc:subfield code="d">1564-1616.</marc:subfield><marc:subfield code="t">Macbeth.</marc:subfield></marc:datafield><marc:datafield tag="907" ind1=" " ind2=" "><marc:subfield code="a">b3395690</marc:subfield></marc:datafield><marc:datafield tag="919" ind1=" " ind2=" "><marc:subfield code="t">Macbeth Related</marc:subfield></marc:datafield><marc:datafield tag="999" ind1="9" ind2="1"><marc:subfield code="i">i4817790</marc:subfield><marc:subfield code="l">ddda</marc:subfield><marc:subfield code="s">-</marc:subfield><marc:subfield code="t">0</marc:subfield><marc:subfield code="c">1</marc:subfield><marc:subfield code="o">2</marc:subfield><marc:subfield code="b">00017436516</marc:subfield><marc:subfield code="p">090##</marc:subfield><marc:subfield code="q">|aPS3553.H3229 M33 1999</marc:subfield></marc:datafield><marc:datafield tag="999" ind1="0" ind2="0"><marc:subfield code="a">2004-10-01 00:00:00-04</marc:subfield><marc:subfield code="c">2004-10-05 07:56:23-04</marc:subfield><marc:subfield code="u">2013-10-10 09:24:27-04</marc:subfield></marc:datafield></marc:record>