
<marc:record><marc:leader>02182cgm a2200469Ia 4500</marc:leader>
<marc:controlfield tag="008">930311p19921987enk134            vlita d</marc:controlfield>
<marc:controlfield tag="007">vd cgaizu</marc:controlfield><marc:controlfield tag="001">27717034</marc:controlfield><marc:controlfield tag="005">20000621133517.0</marc:controlfield><marc:datafield tag="028" ind1="4" ind2="1"><marc:subfield code="a">071 522-1</marc:subfield><marc:subfield code="b">London</marc:subfield></marc:datafield><marc:datafield tag="028" ind1="4" ind2="3"><marc:subfield code="a">071 832-1--071 833-1</marc:subfield><marc:subfield code="b">London</marc:subfield></marc:datafield><marc:datafield tag="040" ind1=" " ind2=" "><marc:subfield code="a">WCM</marc:subfield><marc:subfield code="c">WCM</marc:subfield><marc:subfield code="d">NOC</marc:subfield></marc:datafield><marc:datafield tag="041" ind1=" " ind2=" "><marc:subfield code="a">ita</marc:subfield><marc:subfield code="b">eng</marc:subfield><marc:subfield code="g">engfre</marc:subfield></marc:datafield><marc:datafield tag="245" ind1="0" ind2="0"><marc:subfield code="a">Macbeth :</marc:subfield><marc:subfield code="b">melodramma in quattro atti di F.M. Piave tratto dalla tragedia di Shakespeare /</marc:subfield><marc:subfield code="c">Giuseppe Verdi.</marc:subfield></marc:datafield><marc:datafield tag="260" ind1=" " ind2=" "><marc:subfield code="a">London :</marc:subfield><marc:subfield code="b">London,</marc:subfield><marc:subfield code="c">p1992.</marc:subfield></marc:datafield><marc:datafield tag="300" ind1=" " ind2=" "><marc:subfield code="a">2 videodiscs (134 min.) :</marc:subfield><marc:subfield code="b">sd., col. ;</marc:subfield><marc:subfield code="c">12 in.</marc:subfield></marc:datafield><marc:datafield tag="500" ind1=" " ind2=" "><marc:subfield code="a">Opera in four acts.</marc:subfield></marc:datafield><marc:datafield tag="500" ind1=" " ind2=" "><marc:subfield code="a">Libretto by Francesco Maria Piave after the play by William Shakespeare.</marc:subfield></marc:datafield><marc:datafield tag="500" ind1=" " ind2=" "><marc:subfield code="a">Videodisc release of the 1987 Unitel film production.</marc:subfield></marc:datafield><marc:datafield tag="500" ind1=" " ind2=" "><marc:subfield code="a">Program notes and synopsis in English and French ([12] p. : ill.) in container.</marc:subfield></marc:datafield><marc:datafield tag="500" ind1=" " ind2=" "><marc:subfield code="a">London: 071 522-1 (071 832-1--071 833-1).</marc:subfield></marc:datafield><marc:datafield tag="508" ind1=" " ind2=" "><marc:subfield code="a">Adapted and directed by Claude d'Anna.</marc:subfield></marc:datafield><marc:datafield tag="511" ind1="0" ind2=" "><marc:subfield code="a">Macbeth, Leo Nucci ; Banco, sung by Samuel Ramey, played by Johan Leysen ; Lady Macbeth, Shirley Verrett ; Macduff, sung by Veriano Luchetti, played by Philippe Volter ; Malcolm, Antonio Barasorda ; other soloists ; Orchestra e Coro del Teatro Comunale di Bologna ; Riccardo Chailly, conductor.</marc:subfield></marc:datafield><marc:datafield tag="518" ind1=" " ind2=" "><marc:subfield code="a">Filmed on location at the fortified castle of Godefroy de Bouillon in the Ardennes, Belgium.</marc:subfield></marc:datafield><marc:datafield tag="538" ind1=" " ind2=" "><marc:subfield code="a">Extended play CLV.</marc:subfield></marc:datafield><marc:datafield tag="546" ind1=" " ind2=" "><marc:subfield code="a">In Italian with English subtitles.</marc:subfield></marc:datafield><marc:datafield tag="655" ind1=" " ind2="7"><marc:subfield code="a">Operas.</marc:subfield><marc:subfield code="2">lcgft</marc:subfield></marc:datafield><marc:datafield tag="700" ind1="1" ind2=" "><marc:subfield code="a">Piave, Francesco Maria,</marc:subfield><marc:subfield code="d">1810-1876.</marc:subfield><marc:subfield code="4">lbt</marc:subfield></marc:datafield><marc:datafield tag="700" ind1="1" ind2=" "><marc:subfield code="a">Nucci, Leo.</marc:subfield><marc:subfield code="4">prf</marc:subfield></marc:datafield><marc:datafield tag="700" ind1="1" ind2=" "><marc:subfield code="a">Verrett, Shirley.</marc:subfield><marc:subfield code="4">prf</marc:subfield></marc:datafield><marc:datafield tag="700" ind1="1" ind2=" "><marc:subfield code="a">Ramey, Samuel.</marc:subfield><marc:subfield code="4">prf</marc:subfield></marc:datafield><marc:datafield tag="700" ind1="1" ind2=" "><marc:subfield code="a">Luchetti, Veriano.</marc:subfield><marc:subfield code="4">prf</marc:subfield></marc:datafield><marc:datafield tag="700" ind1="1" ind2=" "><marc:subfield code="a">Barasorda, Antonio.</marc:subfield><marc:subfield code="4">prf</marc:subfield></marc:datafield><marc:datafield tag="700" ind1="1" ind2=" "><marc:subfield code="a">Chailly, Riccardo,</marc:subfield><marc:subfield code="d">1953-</marc:subfield><marc:subfield code="4">cnd</marc:subfield></marc:datafield><marc:datafield tag="700" ind1="1" ind2=" "><marc:subfield code="a">Anna, Claude d'.</marc:subfield><marc:subfield code="4">drt</marc:subfield></marc:datafield><marc:datafield tag="700" ind1="1" ind2=" "><marc:subfield code="a">Shakespeare, William,</marc:subfield><marc:subfield code="d">1564-1616.</marc:subfield><marc:subfield code="t">Macbeth.</marc:subfield></marc:datafield><marc:datafield tag="700" ind1="1" ind2=" "><marc:subfield code="a">Verdi, Giuseppe,</marc:subfield><marc:subfield code="d">1813-1901.</marc:subfield><marc:subfield code="t">Macbeth.</marc:subfield></marc:datafield><marc:datafield tag="710" ind1="2" ind2=" "><marc:subfield code="a">Teatro comunale (Bologna, Italy)</marc:subfield><marc:subfield code="4">prf</marc:subfield></marc:datafield><marc:datafield tag="907" ind1=" " ind2=" "><marc:subfield code="a">b3519365</marc:subfield></marc:datafield><marc:datafield tag="919" ind1=" " ind2=" "><marc:subfield code="t">Macbeth Related</marc:subfield></marc:datafield><marc:datafield tag="999" ind1="9" ind2="1"><marc:subfield code="i">i4949529</marc:subfield><marc:subfield code="l">mmdd</marc:subfield><marc:subfield code="s">-</marc:subfield><marc:subfield code="t">58</marc:subfield><marc:subfield code="c">1</marc:subfield><marc:subfield code="o">28</marc:subfield><marc:subfield code="b">10001804834</marc:subfield><marc:subfield code="p">099#9</marc:subfield><marc:subfield code="q">|aVD-153</marc:subfield></marc:datafield><marc:datafield tag="999" ind1="0" ind2="0"><marc:subfield code="a">2004-10-01 00:00:00-04</marc:subfield><marc:subfield code="c">2004-10-05 08:16:55-04</marc:subfield><marc:subfield code="u">2017-11-15 15:02:22-05</marc:subfield></marc:datafield></marc:record>