
<marc:record><marc:leader>02916cgm a2200493Ia 4500</marc:leader>
<marc:controlfield tag="008">010108r20001982nyu148            vleng d</marc:controlfield>
<marc:controlfield tag="007">vd cvaizq</marc:controlfield><marc:controlfield tag="001">45671764</marc:controlfield><marc:controlfield tag="005">20010308153649.0</marc:controlfield><marc:datafield tag="040" ind1=" " ind2=" "><marc:subfield code="a">CUY</marc:subfield><marc:subfield code="c">CUY</marc:subfield><marc:subfield code="d">NOC</marc:subfield></marc:datafield><marc:datafield tag="245" ind1="0" ind2="0"><marc:subfield code="a">Macbeth</marc:subfield><marc:subfield code="h">[videorecording] /</marc:subfield><marc:subfield code="c">by William Shakespeare ; presented by the British Broadcasting Corporation.</marc:subfield></marc:datafield><marc:datafield tag="250" ind1=" " ind2=" "><marc:subfield code="a">Digitally remastered version.</marc:subfield></marc:datafield><marc:datafield tag="260" ind1=" " ind2=" "><marc:subfield code="a">New York, N.Y. :</marc:subfield><marc:subfield code="b">Ambrose Video Publishing [distributor],</marc:subfield><marc:subfield code="c">[2000?]</marc:subfield></marc:datafield><marc:datafield tag="300" ind1=" " ind2=" "><marc:subfield code="a">1 videodisc (148 min.) :</marc:subfield><marc:subfield code="b">sd., col. ;</marc:subfield><marc:subfield code="c">4 3/4 in.</marc:subfield></marc:datafield><marc:datafield tag="500" ind1=" " ind2=" "><marc:subfield code="a">Originally produced or released in 1983.</marc:subfield></marc:datafield><marc:datafield tag="500" ind1=" " ind2=" "><marc:subfield code="a">Run time: approx. 148 min.</marc:subfield></marc:datafield><marc:datafield tag="500" ind1=" " ind2=" "><marc:subfield code="a">Special features: Picture and sound enhanced ; PC/Mac downloadable scripts ; scene selection.</marc:subfield></marc:datafield><marc:datafield tag="508" ind1=" " ind2=" "><marc:subfield code="a">Producer, Shaun Sutton ; director, Jack Gold.</marc:subfield></marc:datafield><marc:datafield tag="511" ind1="0" ind2=" "><marc:subfield code="a">Cast: Nicol Williamson, Jane Lapotaire, Ian Hogg, Tony Doyle.</marc:subfield></marc:datafield><marc:datafield tag="520" ind1=" " ind2=" "><marc:subfield code="a">Nicol Williamson is MacBeth and Jane Lapotaire Lady MacBeth in this BBC production of Shakespeare's tragic masterpiece.  Williamson and Lapotaire make MacBeth and his lady an decidedly eccentric, neurotic pair.  Williamson brings his trademark almost whimsically unusual line readings to the role, while Lapotaire's Lady MacBeth is played with moments that almost seem like orgiastic parody.   Mark Dignam is Duncan, James Hazeldine is Malcolm, Jon Rowe is Lennox, Gawn Grainger is Ross, Ian Hogg as Banquo.  Also With:  Brenda Bruce as the first witch, Eileen Way as the second witch, Anne Dyson as the third witch, Gordon Kane as First Messenger, James Bolam as Porter, Christopher Ellison as a captain, Tom Bowles as Donalbain, Jill Baker as Lady MacDuff, and Crispin Mair as MacDuff's son.  Notes:  Produced by Shaun Sutton.  Literary Consultant, Dr. John Wilders.  Original music by Carl Davis.  Edited by Stan Pow.  On VHS and DVD.</marc:subfield></marc:datafield><marc:datafield tag="538" ind1=" " ind2=" "><marc:subfield code="a">DVD.</marc:subfield></marc:datafield><marc:datafield tag="600" ind1="1" ind2="0"><marc:subfield code="a">Shakespeare, William,</marc:subfield><marc:subfield code="d">1564-1616</marc:subfield><marc:subfield code="v">Film adaptations.</marc:subfield></marc:datafield><marc:datafield tag="655" ind1=" " ind2="7"><marc:subfield code="a">British literature</marc:subfield><marc:subfield code="x">Adaptations.</marc:subfield><marc:subfield code="2">local</marc:subfield></marc:datafield><marc:datafield tag="655" ind1=" " ind2="7"><marc:subfield code="a">Drama.</marc:subfield><marc:subfield code="2">local</marc:subfield></marc:datafield><marc:datafield tag="655" ind1=" " ind2="7"><marc:subfield code="a">Shakespeare On Film.</marc:subfield><marc:subfield code="2">local</marc:subfield></marc:datafield><marc:datafield tag="655" ind1=" " ind2="7"><marc:subfield code="a">Theater - Plays.</marc:subfield><marc:subfield code="2">local</marc:subfield></marc:datafield><marc:datafield tag="691" ind1=" " ind2=" "><marc:subfield code="a">UK.</marc:subfield></marc:datafield><marc:datafield tag="700" ind1="1" ind2=" "><marc:subfield code="a">Sutton, Shaun.</marc:subfield></marc:datafield><marc:datafield tag="700" ind1="1" ind2=" "><marc:subfield code="a">Gold, Jack,</marc:subfield><marc:subfield code="d">1930-2015.</marc:subfield></marc:datafield><marc:datafield tag="700" ind1="1" ind2=" "><marc:subfield code="a">Williamson, Nicol.</marc:subfield></marc:datafield><marc:datafield tag="700" ind1="1" ind2=" "><marc:subfield code="a">Lapotaire, Jane.</marc:subfield></marc:datafield><marc:datafield tag="700" ind1="1" ind2=" "><marc:subfield code="a">Hogg, Ian.</marc:subfield></marc:datafield><marc:datafield tag="700" ind1="1" ind2=" "><marc:subfield code="a">Doyle, Tony.</marc:subfield></marc:datafield><marc:datafield tag="700" ind1="1" ind2=" "><marc:subfield code="a">Shakespeare, William,</marc:subfield><marc:subfield code="d">1564-1616.</marc:subfield><marc:subfield code="t">Macbeth.</marc:subfield></marc:datafield><marc:datafield tag="710" ind1="2" ind2=" "><marc:subfield code="a">British Broadcasting Corporation.</marc:subfield></marc:datafield><marc:datafield tag="710" ind1="2" ind2=" "><marc:subfield code="a">British Broadcasting Corporation.</marc:subfield><marc:subfield code="b">Television Service.</marc:subfield></marc:datafield><marc:datafield tag="710" ind1="2" ind2=" "><marc:subfield code="a">Time-Life Television.</marc:subfield></marc:datafield><marc:datafield tag="710" ind1="2" ind2=" "><marc:subfield code="a">Ambrose Video Publishing.</marc:subfield></marc:datafield><marc:datafield tag="800" ind1="1" ind2=" "><marc:subfield code="a">Shakespeare, William,</marc:subfield><marc:subfield code="d">1564-1616.</marc:subfield><marc:subfield code="t">Works.</marc:subfield><marc:subfield code="f">1987.</marc:subfield><marc:subfield code="s">Ambrose Video.</marc:subfield></marc:datafield><marc:datafield tag="907" ind1=" " ind2=" "><marc:subfield code="a">b3780851</marc:subfield></marc:datafield><marc:datafield tag="919" ind1=" " ind2=" "><marc:subfield code="t">Macbeth Related</marc:subfield></marc:datafield><marc:datafield tag="999" ind1="9" ind2="1"><marc:subfield code="i">i8543426</marc:subfield><marc:subfield code="l">uldag</marc:subfield><marc:subfield code="s">-</marc:subfield><marc:subfield code="t">60</marc:subfield><marc:subfield code="c">2</marc:subfield><marc:subfield code="o">3</marc:subfield><marc:subfield code="b">00039231429</marc:subfield><marc:subfield code="p">099#9</marc:subfield><marc:subfield code="q">|a65-DVD528</marc:subfield></marc:datafield><marc:datafield tag="999" ind1="9" ind2="1"><marc:subfield code="i">i5252788</marc:subfield><marc:subfield code="l">uldal</marc:subfield><marc:subfield code="s">o</marc:subfield><marc:subfield code="t">60</marc:subfield><marc:subfield code="c">1</marc:subfield><marc:subfield code="o">5</marc:subfield><marc:subfield code="b">00015394716</marc:subfield><marc:subfield code="p">099#9</marc:subfield><marc:subfield code="q">|a65-DVD528</marc:subfield></marc:datafield><marc:datafield tag="999" ind1="0" ind2="0"><marc:subfield code="a">2004-10-01 00:00:00-04</marc:subfield><marc:subfield code="c">2004-10-06 10:12:00-04</marc:subfield><marc:subfield code="u">2017-01-21 16:11:50-05</marc:subfield></marc:datafield></marc:record>