
<marc:record><marc:leader>00762cam a2200205Ii 4500</marc:leader>
<marc:controlfield tag="008">790530q19601969enk           000 0 eng d</marc:controlfield>
<marc:controlfield tag="001">5018577</marc:controlfield><marc:controlfield tag="005">20020906135318.0</marc:controlfield><marc:datafield tag="040" ind1=" " ind2=" "><marc:subfield code="a">IRU</marc:subfield><marc:subfield code="c">IRU</marc:subfield><marc:subfield code="d">OCLCQ</marc:subfield><marc:subfield code="d">NOC</marc:subfield></marc:datafield><marc:datafield tag="100" ind1="1" ind2=" "><marc:subfield code="a">Carrington, Norman T.</marc:subfield><marc:subfield code="q">(Norman Thomas)</marc:subfield></marc:datafield><marc:datafield tag="245" ind1="1" ind2="0"><marc:subfield code="a">Shakespeare, Macbeth /</marc:subfield><marc:subfield code="c">by Norman T. Carrington.</marc:subfield></marc:datafield><marc:datafield tag="260" ind1=" " ind2=" "><marc:subfield code="a">Bath, [Eng.] :</marc:subfield><marc:subfield code="b">Brodie,</marc:subfield><marc:subfield code="c">[196-]</marc:subfield></marc:datafield><marc:datafield tag="300" ind1=" " ind2=" "><marc:subfield code="a">72 p. :</marc:subfield><marc:subfield code="b">ill. ;</marc:subfield><marc:subfield code="c">18 cm.</marc:subfield></marc:datafield><marc:datafield tag="600" ind1="1" ind2="0"><marc:subfield code="a">Shakespeare, William,</marc:subfield><marc:subfield code="d">1564-1616.</marc:subfield><marc:subfield code="t">Macbeth.</marc:subfield></marc:datafield><marc:datafield tag="700" ind1="1" ind2=" "><marc:subfield code="a">Shakespeare, William,</marc:subfield><marc:subfield code="d">1564-1616.</marc:subfield><marc:subfield code="t">Macbeth.</marc:subfield></marc:datafield><marc:datafield tag="830" ind1=" " ind2="0"><marc:subfield code="a">Notes on chosen English texts.</marc:subfield></marc:datafield><marc:datafield tag="907" ind1=" " ind2=" "><marc:subfield code="a">b4185091</marc:subfield></marc:datafield><marc:datafield tag="919" ind1=" " ind2=" "><marc:subfield code="t">Macbeth Related</marc:subfield></marc:datafield><marc:datafield tag="999" ind1="9" ind2="1"><marc:subfield code="i">i5737140</marc:subfield><marc:subfield code="l">ddda</marc:subfield><marc:subfield code="s">-</marc:subfield><marc:subfield code="t">0</marc:subfield><marc:subfield code="c">1</marc:subfield><marc:subfield code="o">7</marc:subfield><marc:subfield code="b">10000365828</marc:subfield><marc:subfield code="p">090##</marc:subfield><marc:subfield code="q">|aPR2823 .C37</marc:subfield></marc:datafield><marc:datafield tag="999" ind1="0" ind2="0"><marc:subfield code="a">2004-10-01 00:00:00-04</marc:subfield><marc:subfield code="c">2004-10-06 23:19:39-04</marc:subfield><marc:subfield code="u">2013-10-23 18:04:52-04</marc:subfield></marc:datafield></marc:record>