
<marc:record><marc:leader>02581cgm a2200553Ia 4500</marc:leader>
<marc:controlfield tag="008">021016p20022001xxu104 g          vleng d</marc:controlfield>
<marc:controlfield tag="007">vd cvaizq</marc:controlfield><marc:controlfield tag="001">50794254</marc:controlfield><marc:controlfield tag="005">20021105211928.0</marc:controlfield><marc:datafield tag="020" ind1=" " ind2=" "><marc:subfield code="a">1931669783</marc:subfield></marc:datafield><marc:datafield tag="024" ind1="1" ind2="0"><marc:subfield code="a">758445900224</marc:subfield></marc:datafield><marc:datafield tag="028" ind1="4" ind2="2"><marc:subfield code="a">SHO9002</marc:subfield><marc:subfield code="b">Sundance Channel Home Entertainment</marc:subfield></marc:datafield><marc:datafield tag="040" ind1=" " ind2=" "><marc:subfield code="a">JFN</marc:subfield><marc:subfield code="c">JFN</marc:subfield><marc:subfield code="d">TEF</marc:subfield><marc:subfield code="d">JED</marc:subfield><marc:subfield code="d">NOC</marc:subfield></marc:datafield><marc:datafield tag="082" ind1="0" ind2="4"><marc:subfield code="a">791.43/72</marc:subfield></marc:datafield><marc:datafield tag="245" ind1="0" ind2="0"><marc:subfield code="a">Scotland, Pa.</marc:subfield><marc:subfield code="h">[videorecording] /</marc:subfield><marc:subfield code="c">Abandon Pictures presents in association with Veto Chip Productions and Paddy Wagon Productions ; produced by Richard Shepard, Jonathan Stein ; written and directed by Billy Morrissette.</marc:subfield></marc:datafield><marc:datafield tag="260" ind1=" " ind2=" "><marc:subfield code="a">[United States] :</marc:subfield><marc:subfield code="b">Sundance Channel Home Entertainment :</marc:subfield><marc:subfield code="b">Showtime Entertainment,</marc:subfield><marc:subfield code="c">c2002.</marc:subfield></marc:datafield><marc:datafield tag="300" ind1=" " ind2=" "><marc:subfield code="a">1 videodisc (104 min.) :</marc:subfield><marc:subfield code="b">sd., col. ;</marc:subfield><marc:subfield code="c">4 3/4 in.</marc:subfield></marc:datafield><marc:datafield tag="500" ind1=" " ind2=" "><marc:subfield code="a">Originally produced or released in 2002.</marc:subfield></marc:datafield><marc:datafield tag="500" ind1=" " ind2=" "><marc:subfield code="a">Based on Macbeth.</marc:subfield></marc:datafield><marc:datafield tag="500" ind1=" " ind2=" "><marc:subfield code="a">Special features: Director interview and commentary, insider's guide to Scotland, PA, bonus tracks.</marc:subfield></marc:datafield><marc:datafield tag="500" ind1=" " ind2=" "><marc:subfield code="a">Run time: approx. 104 min.</marc:subfield></marc:datafield><marc:datafield tag="508" ind1=" " ind2=" "><marc:subfield code="a">Co-executive producers, William Lauder, Andrew Farkas ; executive producers, Karen Lauder, Marcus Ticotin ; director of photography Wally Pfister ; casting by Avy Kaurman.</marc:subfield></marc:datafield><marc:datafield tag="511" ind1="1" ind2=" "><marc:subfield code="a">James LeGros, Maura Tierney, Christopher Walken, Kevin Corrigan, James Rebhorn, Thomas Guiry, Amy Smart, Timothy Speed Levitch, Andy Dick.</marc:subfield></marc:datafield><marc:datafield tag="520" ind1=" " ind2=" "><marc:subfield code="a">Fast food and ambition make up a daily special of murder and mystery 70's style.</marc:subfield></marc:datafield><marc:datafield tag="521" ind1="8" ind2=" "><marc:subfield code="a">Rated R.</marc:subfield></marc:datafield><marc:datafield tag="538" ind1=" " ind2=" "><marc:subfield code="a">DVD, Dolby surround, widescreen.</marc:subfield></marc:datafield><marc:datafield tag="655" ind1=" " ind2="7"><marc:subfield code="a">Comedy &amp; Satire.</marc:subfield><marc:subfield code="2">local</marc:subfield></marc:datafield><marc:datafield tag="655" ind1=" " ind2="7"><marc:subfield code="a">Crime &amp; Police Drama.</marc:subfield><marc:subfield code="2">local</marc:subfield></marc:datafield><marc:datafield tag="655" ind1=" " ind2="7"><marc:subfield code="a">Shakespeare On Film.</marc:subfield><marc:subfield code="2">local</marc:subfield></marc:datafield><marc:datafield tag="691" ind1=" " ind2=" "><marc:subfield code="a">USA.</marc:subfield></marc:datafield><marc:datafield tag="700" ind1="1" ind2=" "><marc:subfield code="a">Morrissette, Billy.</marc:subfield><marc:subfield code="4">drt</marc:subfield><marc:subfield code="4">aus</marc:subfield></marc:datafield><marc:datafield tag="700" ind1="1" ind2=" "><marc:subfield code="a">LeGros, James.</marc:subfield><marc:subfield code="4">act</marc:subfield></marc:datafield><marc:datafield tag="700" ind1="1" ind2=" "><marc:subfield code="a">Tierney, Maura,</marc:subfield><marc:subfield code="d">1965-</marc:subfield><marc:subfield code="4">act</marc:subfield></marc:datafield><marc:datafield tag="700" ind1="1" ind2=" "><marc:subfield code="a">Walken, Christopher,</marc:subfield><marc:subfield code="d">1943-</marc:subfield><marc:subfield code="4">act</marc:subfield></marc:datafield><marc:datafield tag="700" ind1="1" ind2=" "><marc:subfield code="a">Corrigan, Kevin,</marc:subfield><marc:subfield code="d">1969-</marc:subfield><marc:subfield code="4">act</marc:subfield></marc:datafield><marc:datafield tag="700" ind1="1" ind2=" "><marc:subfield code="a">Rebhorn, James,</marc:subfield><marc:subfield code="d">1948-2014.</marc:subfield><marc:subfield code="4">act</marc:subfield></marc:datafield><marc:datafield tag="700" ind1="1" ind2=" "><marc:subfield code="a">Guiry, Thomas,</marc:subfield><marc:subfield code="d">1981-</marc:subfield><marc:subfield code="4">act</marc:subfield></marc:datafield><marc:datafield tag="700" ind1="1" ind2=" "><marc:subfield code="a">Smart, Amy,</marc:subfield><marc:subfield code="d">1976-</marc:subfield><marc:subfield code="4">act</marc:subfield></marc:datafield><marc:datafield tag="700" ind1="1" ind2=" "><marc:subfield code="a">Levitch, Timothy,</marc:subfield><marc:subfield code="d">1970-</marc:subfield><marc:subfield code="4">act</marc:subfield></marc:datafield><marc:datafield tag="700" ind1="1" ind2=" "><marc:subfield code="a">Dick, Andy,</marc:subfield><marc:subfield code="d">1966-</marc:subfield><marc:subfield code="4">act</marc:subfield></marc:datafield><marc:datafield tag="700" ind1="1" ind2=" "><marc:subfield code="a">Shakespeare, William,</marc:subfield><marc:subfield code="d">1564-1616.</marc:subfield><marc:subfield code="t">Macbeth.</marc:subfield></marc:datafield><marc:datafield tag="710" ind1="2" ind2=" "><marc:subfield code="a">Abandon Pictures (Firm)</marc:subfield></marc:datafield><marc:datafield tag="710" ind1="2" ind2=" "><marc:subfield code="a">Veto Chip Pictures.</marc:subfield></marc:datafield><marc:datafield tag="710" ind1="2" ind2=" "><marc:subfield code="a">Paddy Wagon Productions (Firm)</marc:subfield></marc:datafield><marc:datafield tag="907" ind1=" " ind2=" "><marc:subfield code="a">b4206999</marc:subfield></marc:datafield><marc:datafield tag="919" ind1=" " ind2=" "><marc:subfield code="t">Macbeth Related</marc:subfield></marc:datafield><marc:datafield tag="999" ind1="9" ind2="1"><marc:subfield code="i">i5763812</marc:subfield><marc:subfield code="l">uldag</marc:subfield><marc:subfield code="s">-</marc:subfield><marc:subfield code="t">60</marc:subfield><marc:subfield code="c">2</marc:subfield><marc:subfield code="o">196</marc:subfield><marc:subfield code="b">00021356729</marc:subfield><marc:subfield code="p">099#9</marc:subfield><marc:subfield code="q">|a65-DVD1001</marc:subfield></marc:datafield><marc:datafield tag="999" ind1="9" ind2="1"><marc:subfield code="i">i5763813</marc:subfield><marc:subfield code="l">ulba</marc:subfield><marc:subfield code="s">o</marc:subfield><marc:subfield code="t">82</marc:subfield><marc:subfield code="c">3</marc:subfield><marc:subfield code="o">0</marc:subfield><marc:subfield code="b">00021367520</marc:subfield><marc:subfield code="p">099#9</marc:subfield><marc:subfield code="q">|a65-DVD1001</marc:subfield></marc:datafield><marc:datafield tag="999" ind1="0" ind2="0"><marc:subfield code="a">2004-10-01 00:00:00-04</marc:subfield><marc:subfield code="c">2004-10-06 23:23:00-04</marc:subfield><marc:subfield code="u">2018-01-06 06:01:21-05</marc:subfield></marc:datafield></marc:record>