
<marc:record><marc:leader>01755cjm a2200457Ia 4500</marc:leader>
<marc:controlfield tag="008">031111p20021975oruopn              ita d</marc:controlfield>
<marc:controlfield tag="007">sd fungnn---ee</marc:controlfield><marc:controlfield tag="001">53387913</marc:controlfield><marc:controlfield tag="005">20031111150120.0</marc:controlfield><marc:datafield tag="028" ind1="0" ind2="2"><marc:subfield code="a">OPD-1337</marc:subfield><marc:subfield code="b">Allegro</marc:subfield></marc:datafield><marc:datafield tag="040" ind1=" " ind2=" "><marc:subfield code="a">NOC</marc:subfield><marc:subfield code="c">NOC</marc:subfield></marc:datafield><marc:datafield tag="041" ind1="0" ind2=" "><marc:subfield code="d">ita</marc:subfield><marc:subfield code="b">eng</marc:subfield><marc:subfield code="g">eng</marc:subfield></marc:datafield><marc:datafield tag="100" ind1="1" ind2=" "><marc:subfield code="a">Verdi, Giuseppe,</marc:subfield><marc:subfield code="d">1813-1901.</marc:subfield></marc:datafield><marc:datafield tag="240" ind1="1" ind2="0"><marc:subfield code="a">Macbeth</marc:subfield></marc:datafield><marc:datafield tag="245" ind1="1" ind2="0"><marc:subfield code="a">Macbeth</marc:subfield><marc:subfield code="h">[sound recording] /</marc:subfield><marc:subfield code="c">Giuseppe Verdi.</marc:subfield></marc:datafield><marc:datafield tag="260" ind1=" " ind2=" "><marc:subfield code="a">Portland, OR :</marc:subfield><marc:subfield code="b">Allegro,</marc:subfield><marc:subfield code="c">[2002]</marc:subfield></marc:datafield><marc:datafield tag="300" ind1=" " ind2=" "><marc:subfield code="a">2 sound discs :</marc:subfield><marc:subfield code="b">digital ;</marc:subfield><marc:subfield code="c">4 3/4 in.</marc:subfield></marc:datafield><marc:datafield tag="500" ind1=" " ind2=" "><marc:subfield code="a">Opera in 4 acts.</marc:subfield></marc:datafield><marc:datafield tag="500" ind1=" " ind2=" "><marc:subfield code="a">Libretto by Francesco Maria Piave, based on the play by Shakespeare.</marc:subfield></marc:datafield><marc:datafield tag="500" ind1=" " ind2=" "><marc:subfield code="a">Compact discs.</marc:subfield></marc:datafield><marc:datafield tag="500" ind1=" " ind2=" "><marc:subfield code="a">Program notes and synopsis in English inserted in container.</marc:subfield></marc:datafield><marc:datafield tag="511" ind1="0" ind2=" "><marc:subfield code="a">Piero Cappuccilli ; Shirley Varrett ; Nicolai Ghiaurov ; La Scala Orchestra and Chorus, Claudio Abbado, conductor.</marc:subfield></marc:datafield><marc:datafield tag="518" ind1=" " ind2=" "><marc:subfield code="a">Recorded Dec. 7, 1975, Milan.</marc:subfield></marc:datafield><marc:datafield tag="546" ind1=" " ind2=" "><marc:subfield code="a">Italian words.</marc:subfield></marc:datafield><marc:datafield tag="600" ind1="0" ind2="0"><marc:subfield code="a">Macbeth,</marc:subfield><marc:subfield code="c">King of Scotland,</marc:subfield><marc:subfield code="d">active 11th century</marc:subfield><marc:subfield code="v">Drama.</marc:subfield></marc:datafield><marc:datafield tag="655" ind1=" " ind2="7"><marc:subfield code="a">Operas.</marc:subfield><marc:subfield code="2">lcgft</marc:subfield></marc:datafield><marc:datafield tag="700" ind1="1" ind2=" "><marc:subfield code="a">Piave, Francesco Maria,</marc:subfield><marc:subfield code="d">1810-1876.</marc:subfield></marc:datafield><marc:datafield tag="700" ind1="1" ind2=" "><marc:subfield code="a">Cappuccilli, Piero.</marc:subfield></marc:datafield><marc:datafield tag="700" ind1="1" ind2=" "><marc:subfield code="a">Ghiaurov, Nicolai,</marc:subfield><marc:subfield code="d">1929-2004.</marc:subfield></marc:datafield><marc:datafield tag="700" ind1="1" ind2=" "><marc:subfield code="a">Abbado, Claudio.</marc:subfield></marc:datafield><marc:datafield tag="700" ind1="1" ind2=" "><marc:subfield code="a">Shakespeare, William,</marc:subfield><marc:subfield code="d">1564-1616.</marc:subfield><marc:subfield code="t">Macbeth.</marc:subfield></marc:datafield><marc:datafield tag="710" ind1="2" ind2=" "><marc:subfield code="a">Teatro alla Scala.</marc:subfield></marc:datafield><marc:datafield tag="830" ind1=" " ind2="0"><marc:subfield code="a">Opera d'Oro.</marc:subfield></marc:datafield><marc:datafield tag="907" ind1=" " ind2=" "><marc:subfield code="a">b4379189</marc:subfield></marc:datafield><marc:datafield tag="919" ind1=" " ind2=" "><marc:subfield code="t">Macbeth Related</marc:subfield></marc:datafield><marc:datafield tag="999" ind1="9" ind2="1"><marc:subfield code="i">i5972614</marc:subfield><marc:subfield code="l">mmdd</marc:subfield><marc:subfield code="s">-</marc:subfield><marc:subfield code="t">50</marc:subfield><marc:subfield code="c">1</marc:subfield><marc:subfield code="o">18</marc:subfield><marc:subfield code="b">00022570941</marc:subfield><marc:subfield code="p">099#9</marc:subfield><marc:subfield code="q">|aCD-11,830</marc:subfield><marc:subfield code="v">disc1</marc:subfield></marc:datafield><marc:datafield tag="999" ind1="9" ind2="1"><marc:subfield code="i">i5972615</marc:subfield><marc:subfield code="l">mmdd</marc:subfield><marc:subfield code="s">-</marc:subfield><marc:subfield code="t">50</marc:subfield><marc:subfield code="c">1</marc:subfield><marc:subfield code="o">18</marc:subfield><marc:subfield code="b">00022674937</marc:subfield><marc:subfield code="p">099#9</marc:subfield><marc:subfield code="q">|aCD-11,830</marc:subfield><marc:subfield code="v">disc2</marc:subfield></marc:datafield><marc:datafield tag="999" ind1="9" ind2="2"><marc:subfield code="a">c4447735</marc:subfield><marc:subfield code="b">mmdd</marc:subfield><marc:subfield code="c">0</marc:subfield></marc:datafield><marc:datafield tag="999" ind1="9" ind2="3"><marc:subfield code="0">c4447735</marc:subfield><marc:subfield code="2">852</marc:subfield><marc:subfield code="3">c</marc:subfield><marc:subfield code="b">577766</marc:subfield><marc:subfield code="h">CD-11,830</marc:subfield></marc:datafield><marc:datafield tag="999" ind1="9" ind2="3"><marc:subfield code="0">c4447735</marc:subfield><marc:subfield code="2">853</marc:subfield><marc:subfield code="3">y</marc:subfield><marc:subfield code="8">1</marc:subfield><marc:subfield code="a">disc</marc:subfield><marc:subfield code="t">c.</marc:subfield></marc:datafield><marc:datafield tag="999" ind1="0" ind2="0"><marc:subfield code="a">2004-10-01 00:00:00-04</marc:subfield><marc:subfield code="c">2004-10-07 13:08:15-04</marc:subfield><marc:subfield code="u">2017-11-15 15:46:10-05</marc:subfield></marc:datafield></marc:record>