
<marc:record><marc:leader>02071ccm a2200349Ia 4500</marc:leader>
<marc:controlfield tag="008">040318s2004    wiumua   g     n    eng d</marc:controlfield>
<marc:controlfield tag="001">54760525</marc:controlfield><marc:controlfield tag="005">20040709161951.0</marc:controlfield><marc:datafield tag="020" ind1=" " ind2=" "><marc:subfield code="a">0895795477</marc:subfield></marc:datafield><marc:datafield tag="040" ind1=" " ind2=" "><marc:subfield code="a">BUF</marc:subfield><marc:subfield code="c">BUF</marc:subfield><marc:subfield code="d">INT</marc:subfield><marc:subfield code="d">OCLCQ</marc:subfield><marc:subfield code="d">NOC</marc:subfield></marc:datafield><marc:datafield tag="245" ind1="0" ind2="0"><marc:subfield code="a">Music for Macbeth /</marc:subfield><marc:subfield code="c">edited by Amanda Eubanks Winkler.</marc:subfield></marc:datafield><marc:datafield tag="260" ind1=" " ind2=" "><marc:subfield code="a">Middleton, Wisc. :</marc:subfield><marc:subfield code="b">A-R Editions,</marc:subfield><marc:subfield code="c">c2004.</marc:subfield></marc:datafield><marc:datafield tag="300" ind1=" " ind2=" "><marc:subfield code="a">1 score (xx, 104 p.) :</marc:subfield><marc:subfield code="b">facsims. ;</marc:subfield><marc:subfield code="c">31 cm.</marc:subfield></marc:datafield><marc:datafield tag="500" ind1=" " ind2=" "><marc:subfield code="a">Unaccompanied melodies (1st work) ; for solo voices, chorus, strings and continuo (2nd and 3rd works).</marc:subfield></marc:datafield><marc:datafield tag="500" ind1=" " ind2=" "><marc:subfield code="a">Introduction, p. vii-xii.</marc:subfield></marc:datafield><marc:datafield tag="500" ind1=" " ind2=" "><marc:subfield code="a">Text comparison between Eccles' and Leveridge's settings, p. xiii-xix.</marc:subfield></marc:datafield><marc:datafield tag="500" ind1=" " ind2=" "><marc:subfield code="a">Critical report at end.</marc:subfield></marc:datafield><marc:datafield tag="504" ind1=" " ind2=" "><marc:subfield code="a">Includes bibliographical references.</marc:subfield></marc:datafield><marc:datafield tag="505" ind1="0" ind2=" "><marc:subfield code="a">Tunes from Macbeth. Let's have a dance ; The witches dance / attributed to Matthew Locke -- Music from Macbeth. Act 2 symphony ; Speak, sister, speak ; Let's have a dance ; Hecate! Oh, come away ; Act 4 symphony ; Black spirits and white / John Eccles -- Music from Macbeth. Act 2 symphony ; Speak, sister, speak ; Let's have a dance ; Act 2 tune ; Symphony at the descending of the machine in the third act ; Hecate! Come away ; Act 4 symphony ; Black spirits and white / Richard Leveridge.</marc:subfield></marc:datafield><marc:datafield tag="650" ind1=" " ind2="0"><marc:subfield code="a">Incidental music</marc:subfield><marc:subfield code="v">Scores.</marc:subfield></marc:datafield><marc:datafield tag="650" ind1=" " ind2="0"><marc:subfield code="a">Choruses, Sacred (Mixed voices) with instrumental ensemble</marc:subfield><marc:subfield code="v">Scores.</marc:subfield></marc:datafield><marc:datafield tag="700" ind1="1" ind2=" "><marc:subfield code="a">Eubanks Winkler, Amanda.</marc:subfield><marc:subfield code="4">edt</marc:subfield></marc:datafield><marc:datafield tag="700" ind1="1" ind2=" "><marc:subfield code="a">Shakespeare, William,</marc:subfield><marc:subfield code="d">1564-1616.</marc:subfield><marc:subfield code="t">Macbeth.</marc:subfield></marc:datafield><marc:datafield tag="700" ind1="1" ind2="2"><marc:subfield code="a">Locke, Matthew,</marc:subfield><marc:subfield code="d">1621 or 1622-1677.</marc:subfield><marc:subfield code="t">Dance in the play of Mackbeth.</marc:subfield></marc:datafield><marc:datafield tag="700" ind1="1" ind2="2"><marc:subfield code="a">Locke, Matthew,</marc:subfield><marc:subfield code="d">1621 or 1622-1677.</marc:subfield><marc:subfield code="t">Witches dance.</marc:subfield></marc:datafield><marc:datafield tag="700" ind1="1" ind2="2"><marc:subfield code="a">Eccles, John,</marc:subfield><marc:subfield code="d">-1735.</marc:subfield><marc:subfield code="t">Macbeth.</marc:subfield><marc:subfield code="k">Selections.</marc:subfield></marc:datafield><marc:datafield tag="700" ind1="1" ind2="2"><marc:subfield code="a">Leveridge, Richard,</marc:subfield><marc:subfield code="d">1670 or 1671-1758.</marc:subfield><marc:subfield code="t">Macbeth.</marc:subfield><marc:subfield code="k">Selections.</marc:subfield></marc:datafield><marc:datafield tag="830" ind1=" " ind2="0"><marc:subfield code="a">Recent researches in the music of the Baroque Era ;</marc:subfield><marc:subfield code="v">v. 133.</marc:subfield></marc:datafield><marc:datafield tag="907" ind1=" " ind2=" "><marc:subfield code="a">b4464421</marc:subfield></marc:datafield><marc:datafield tag="919" ind1=" " ind2=" "><marc:subfield code="t">Macbeth Related</marc:subfield></marc:datafield><marc:datafield tag="999" ind1="9" ind2="1"><marc:subfield code="i">i6074399</marc:subfield><marc:subfield code="l">mmda</marc:subfield><marc:subfield code="s">o</marc:subfield><marc:subfield code="t">44</marc:subfield><marc:subfield code="c">1</marc:subfield><marc:subfield code="o">0</marc:subfield><marc:subfield code="b">00023730535</marc:subfield><marc:subfield code="p">090##</marc:subfield><marc:subfield code="q">|aM2|b.R238 v. 133</marc:subfield><marc:subfield code="v">v.133</marc:subfield></marc:datafield><marc:datafield tag="999" ind1="0" ind2="0"><marc:subfield code="a">2004-10-01 00:00:00-04</marc:subfield><marc:subfield code="c">2004-10-07 13:28:00-04</marc:subfield><marc:subfield code="u">2017-01-21 16:15:39-05</marc:subfield></marc:datafield></marc:record>