
<marc:record><marc:leader>02105cjm a2200505Ka 4500</marc:leader>
<marc:controlfield tag="008">000519r19931972enkopn   d          ita d</marc:controlfield>
<marc:controlfield tag="007">sd fsngnn---ee</marc:controlfield><marc:controlfield tag="001">44083322</marc:controlfield><marc:controlfield tag="005">20040817144733.0</marc:controlfield><marc:datafield tag="028" ind1="0" ind2="0"><marc:subfield code="a">440 048-2</marc:subfield><marc:subfield code="b">Decca</marc:subfield></marc:datafield><marc:datafield tag="028" ind1="0" ind2="0"><marc:subfield code="a">440 049-2</marc:subfield><marc:subfield code="b">Decca</marc:subfield></marc:datafield><marc:datafield tag="028" ind1="0" ind2="0"><marc:subfield code="a">440 050-2</marc:subfield><marc:subfield code="b">Decca</marc:subfield></marc:datafield><marc:datafield tag="028" ind1="0" ind2="0"><marc:subfield code="a">OSA 13102</marc:subfield><marc:subfield code="b">London</marc:subfield></marc:datafield><marc:datafield tag="040" ind1=" " ind2=" "><marc:subfield code="a">VYF</marc:subfield><marc:subfield code="c">VYF</marc:subfield><marc:subfield code="d">NOC</marc:subfield></marc:datafield><marc:datafield tag="041" ind1="0" ind2=" "><marc:subfield code="a">ita</marc:subfield><marc:subfield code="b">eng</marc:subfield><marc:subfield code="b">ger</marc:subfield><marc:subfield code="b">fre</marc:subfield><marc:subfield code="b">ita</marc:subfield><marc:subfield code="e">ita</marc:subfield><marc:subfield code="e">eng</marc:subfield><marc:subfield code="h">ita</marc:subfield></marc:datafield><marc:datafield tag="100" ind1="1" ind2=" "><marc:subfield code="a">Verdi, Giuseppe,</marc:subfield><marc:subfield code="d">1813-1901.</marc:subfield></marc:datafield><marc:datafield tag="240" ind1="1" ind2="0"><marc:subfield code="a">Macbeth</marc:subfield></marc:datafield><marc:datafield tag="245" ind1="1" ind2="0"><marc:subfield code="a">Macbeth</marc:subfield><marc:subfield code="h">[sound recording] /</marc:subfield><marc:subfield code="c">Verdi.</marc:subfield></marc:datafield><marc:datafield tag="260" ind1=" " ind2=" "><marc:subfield code="a">London :</marc:subfield><marc:subfield code="b">Decca,</marc:subfield><marc:subfield code="c">[1993], p1971.</marc:subfield></marc:datafield><marc:datafield tag="300" ind1=" " ind2=" "><marc:subfield code="a">2 sound discs (148 min., 59 sec.) :</marc:subfield><marc:subfield code="b">digital, stereo. ;</marc:subfield><marc:subfield code="c">4 3/4 in.</marc:subfield></marc:datafield><marc:datafield tag="500" ind1=" " ind2=" "><marc:subfield code="a">Reissue of: London OSA 13102 ([1972]).</marc:subfield></marc:datafield><marc:datafield tag="500" ind1=" " ind2=" "><marc:subfield code="a">Synopsis in English, French, German and Italian with libretto in Italian with English translation (56 p.) laid in container.</marc:subfield></marc:datafield><marc:datafield tag="500" ind1=" " ind2=" "><marc:subfield code="a">Compact discs.</marc:subfield></marc:datafield><marc:datafield tag="500" ind1=" " ind2=" "><marc:subfield code="a">&quot;Analogue to digital remaster&quot;--Container.</marc:subfield></marc:datafield><marc:datafield tag="511" ind1="0" ind2=" "><marc:subfield code="a">Elena Souliotis, soprano ; Luciano Pavarotti, tenor ; Dietrich Fischer-Dieskau, baritone ; Nicolai Ghiaurov, bass ; supporting soloists ; Ambrosian Opera Chorus ; London Philharmonic Orchestra ; Lamberto Gardelli, conductor.</marc:subfield></marc:datafield><marc:datafield tag="518" ind1=" " ind2=" "><marc:subfield code="a">Recorded at Kingsway Hall, London, Aug. 1971.</marc:subfield></marc:datafield><marc:datafield tag="600" ind1="0" ind2="0"><marc:subfield code="a">Macbeth,</marc:subfield><marc:subfield code="c">King of Scotland,</marc:subfield><marc:subfield code="d">active 11th century</marc:subfield><marc:subfield code="v">Drama.</marc:subfield></marc:datafield><marc:datafield tag="655" ind1=" " ind2="7"><marc:subfield code="a">Operas.</marc:subfield><marc:subfield code="2">lcgft</marc:subfield></marc:datafield><marc:datafield tag="700" ind1="1" ind2=" "><marc:subfield code="a">Suliotis, Elena.</marc:subfield></marc:datafield><marc:datafield tag="700" ind1="1" ind2=" "><marc:subfield code="a">Pavarotti, Luciano.</marc:subfield></marc:datafield><marc:datafield tag="700" ind1="1" ind2=" "><marc:subfield code="a">Fischer-Dieskau, Dietrich,</marc:subfield><marc:subfield code="d">1925-2012.</marc:subfield></marc:datafield><marc:datafield tag="700" ind1="1" ind2=" "><marc:subfield code="a">Ghiaurov, Nicolai,</marc:subfield><marc:subfield code="d">1929-2004.</marc:subfield></marc:datafield><marc:datafield tag="700" ind1="1" ind2=" "><marc:subfield code="a">Gardelli, Lamberto.</marc:subfield></marc:datafield><marc:datafield tag="700" ind1="1" ind2=" "><marc:subfield code="a">Shakespeare, William,</marc:subfield><marc:subfield code="d">1564-1616.</marc:subfield><marc:subfield code="t">Macbeth.</marc:subfield></marc:datafield><marc:datafield tag="710" ind1="2" ind2=" "><marc:subfield code="a">Ambrosian Opera Chorus.</marc:subfield></marc:datafield><marc:datafield tag="710" ind1="2" ind2=" "><marc:subfield code="a">London Philharmonic Orchestra.</marc:subfield></marc:datafield><marc:datafield tag="830" ind1=" " ind2="0"><marc:subfield code="a">Grand opera.</marc:subfield></marc:datafield><marc:datafield tag="907" ind1=" " ind2=" "><marc:subfield code="a">b4484910</marc:subfield></marc:datafield><marc:datafield tag="919" ind1=" " ind2=" "><marc:subfield code="t">Macbeth Related</marc:subfield></marc:datafield><marc:datafield tag="999" ind1="9" ind2="1"><marc:subfield code="i">i6097250</marc:subfield><marc:subfield code="l">mmdd</marc:subfield><marc:subfield code="s">-</marc:subfield><marc:subfield code="t">50</marc:subfield><marc:subfield code="c">1</marc:subfield><marc:subfield code="o">1</marc:subfield><marc:subfield code="b">00023733596</marc:subfield><marc:subfield code="p">099#9</marc:subfield><marc:subfield code="q">|aCD-12,340</marc:subfield></marc:datafield><marc:datafield tag="999" ind1="9" ind2="2"><marc:subfield code="a">c4545704</marc:subfield><marc:subfield code="b">mmdd</marc:subfield><marc:subfield code="c">0</marc:subfield></marc:datafield><marc:datafield tag="999" ind1="9" ind2="3"><marc:subfield code="0">c4545704</marc:subfield><marc:subfield code="2">852</marc:subfield><marc:subfield code="3">c</marc:subfield><marc:subfield code="b">577766</marc:subfield><marc:subfield code="h">CD-12,340</marc:subfield></marc:datafield><marc:datafield tag="999" ind1="9" ind2="3"><marc:subfield code="0">c4545704</marc:subfield><marc:subfield code="2">853</marc:subfield><marc:subfield code="3">y</marc:subfield><marc:subfield code="8">1</marc:subfield><marc:subfield code="a">disc</marc:subfield><marc:subfield code="t">c.</marc:subfield></marc:datafield><marc:datafield tag="999" ind1="9" ind2="3"><marc:subfield code="0">c4545704</marc:subfield><marc:subfield code="2">854</marc:subfield><marc:subfield code="3">y</marc:subfield><marc:subfield code="8">1</marc:subfield><marc:subfield code="a">(unit)</marc:subfield><marc:subfield code="t">c.</marc:subfield></marc:datafield><marc:datafield tag="999" ind1="0" ind2="0"><marc:subfield code="a">2004-10-01 00:00:00-04</marc:subfield><marc:subfield code="c">2004-10-07 13:30:07-04</marc:subfield><marc:subfield code="u">2017-11-15 15:46:10-05</marc:subfield></marc:datafield></marc:record>