
<marc:record><marc:leader>01262ncm a2200301Ki 4500</marc:leader>
<marc:controlfield tag="008">070108s1830    enk            n    eng d</marc:controlfield>
<marc:controlfield tag="001">77553077</marc:controlfield><marc:controlfield tag="003">OCoLC</marc:controlfield><marc:controlfield tag="005">20070108153043.0</marc:controlfield><marc:datafield tag="040" ind1=" " ind2=" "><marc:subfield code="a">NOC</marc:subfield><marc:subfield code="c">NOC</marc:subfield></marc:datafield><marc:datafield tag="049" ind1=" " ind2=" "><marc:subfield code="a">NOCC</marc:subfield></marc:datafield><marc:datafield tag="100" ind1="1" ind2=" "><marc:subfield code="a">Locke, Matthew,</marc:subfield><marc:subfield code="d">1621 or 1622-1677.</marc:subfield></marc:datafield><marc:datafield tag="240" ind1="1" ind2="0"><marc:subfield code="a">Macbeth;</marc:subfield><marc:subfield code="o">arranged</marc:subfield></marc:datafield><marc:datafield tag="245" ind1="1" ind2="4"><marc:subfield code="a">The original music in Macbeth /</marc:subfield><marc:subfield code="c">as composed by Mathew Locke ; arr. from the score and adapted for the piano forte, by B. Jacobs.</marc:subfield></marc:datafield><marc:datafield tag="260" ind1=" " ind2=" "><marc:subfield code="a">London :</marc:subfield><marc:subfield code="b">Printed by Goulding, D'Almaine, Potter &amp; Co.,</marc:subfield><marc:subfield code="c">[1830?]</marc:subfield></marc:datafield><marc:datafield tag="300" ind1=" " ind2=" "><marc:subfield code="a">18 p. ;</marc:subfield><marc:subfield code="c">36 cm.</marc:subfield></marc:datafield><marc:datafield tag="500" ind1=" " ind2=" "><marc:subfield code="a">Originally for voices and string orchestra.</marc:subfield></marc:datafield><marc:datafield tag="500" ind1=" " ind2=" "><marc:subfield code="a">The words are from Macbeth by W. Davenant and The witch by T. Middleton. Cf. Harding.</marc:subfield></marc:datafield><marc:datafield tag="500" ind1=" " ind2=" "><marc:subfield code="a">A thematic catalogue of the works of Matthew Locke.</marc:subfield></marc:datafield><marc:datafield tag="500" ind1=" " ind2=" "><marc:subfield code="a">Includes figured bass.</marc:subfield></marc:datafield><marc:datafield tag="650" ind1=" " ind2="0"><marc:subfield code="a">Incidental music</marc:subfield><marc:subfield code="v">Piano scores.</marc:subfield></marc:datafield><marc:datafield tag="700" ind1="1" ind2=" "><marc:subfield code="a">D'Avenant, William,</marc:subfield><marc:subfield code="d">1606-1668.</marc:subfield><marc:subfield code="t">Macbeth.</marc:subfield><marc:subfield code="k">Selections.</marc:subfield></marc:datafield><marc:datafield tag="700" ind1="1" ind2=" "><marc:subfield code="a">Middleton, Thomas,</marc:subfield><marc:subfield code="d">-1627.</marc:subfield><marc:subfield code="t">Witch.</marc:subfield><marc:subfield code="k">Selections.</marc:subfield></marc:datafield><marc:datafield tag="700" ind1="1" ind2=" "><marc:subfield code="a">Shakespeare, William,</marc:subfield><marc:subfield code="d">1564-1616.</marc:subfield><marc:subfield code="t">Macbeth.</marc:subfield></marc:datafield><marc:datafield tag="907" ind1=" " ind2=" "><marc:subfield code="a">b4974842</marc:subfield></marc:datafield><marc:datafield tag="919" ind1=" " ind2=" "><marc:subfield code="t">Macbeth Related</marc:subfield></marc:datafield><marc:datafield tag="999" ind1="9" ind2="1"><marc:subfield code="i">i6549807</marc:subfield><marc:subfield code="l">mmrb</marc:subfield><marc:subfield code="s">o</marc:subfield><marc:subfield code="t">45</marc:subfield><marc:subfield code="c">1</marc:subfield><marc:subfield code="o">0</marc:subfield><marc:subfield code="p">090##</marc:subfield><marc:subfield code="q">|aM1513.L6|bM3</marc:subfield></marc:datafield><marc:datafield tag="999" ind1="0" ind2="0"><marc:subfield code="a">2007-01-30 00:00:00-05</marc:subfield><marc:subfield code="c">2007-01-30 08:28:24-05</marc:subfield><marc:subfield code="u">2016-10-23 21:57:42-04</marc:subfield></marc:datafield></marc:record>