
<marc:record><marc:leader>02276ccm a2200445Ia 4500</marc:leader>
<marc:controlfield tag="008">070209s2006    iluopc   bhi   n  b ita d</marc:controlfield>
<marc:controlfield tag="001">82900782</marc:controlfield><marc:controlfield tag="003">OCoLC</marc:controlfield><marc:controlfield tag="005">20081105115839.0</marc:controlfield><marc:datafield tag="019" ind1=" " ind2=" "><marc:subfield code="a">144520153</marc:subfield><marc:subfield code="a">180982924</marc:subfield><marc:subfield code="a">225466875</marc:subfield></marc:datafield><marc:datafield tag="020" ind1=" " ind2=" "><marc:subfield code="a">9788875927882 (pbk.)</marc:subfield></marc:datafield><marc:datafield tag="020" ind1=" " ind2=" "><marc:subfield code="a">887592788X (pbk.)</marc:subfield></marc:datafield><marc:datafield tag="024" ind1="2" ind2=" "><marc:subfield code="a">M041387130</marc:subfield></marc:datafield><marc:datafield tag="028" ind1="2" ind2="2"><marc:subfield code="a">138713</marc:subfield><marc:subfield code="b">Ricordi</marc:subfield></marc:datafield><marc:datafield tag="028" ind1="3" ind2="2"><marc:subfield code="a">CP 138713</marc:subfield><marc:subfield code="b">Ricordi</marc:subfield></marc:datafield><marc:datafield tag="035" ind1=" " ind2=" "><marc:subfield code="a">(OCoLC)82900782</marc:subfield><marc:subfield code="z">(OCoLC)144520153</marc:subfield><marc:subfield code="z">(OCoLC)180982924</marc:subfield><marc:subfield code="z">(OCoLC)225466875</marc:subfield></marc:datafield><marc:datafield tag="040" ind1=" " ind2=" "><marc:subfield code="a">OHX</marc:subfield><marc:subfield code="c">OHX</marc:subfield><marc:subfield code="d">BAKER</marc:subfield><marc:subfield code="d">HDC</marc:subfield><marc:subfield code="d">HMU</marc:subfield><marc:subfield code="d">CUS</marc:subfield><marc:subfield code="d">BTCTA</marc:subfield><marc:subfield code="d">YDXCP</marc:subfield><marc:subfield code="d">C3L</marc:subfield><marc:subfield code="d">CPL</marc:subfield><marc:subfield code="d">AU@</marc:subfield><marc:subfield code="d">NOC</marc:subfield></marc:datafield><marc:datafield tag="041" ind1="0" ind2=" "><marc:subfield code="a">ita</marc:subfield><marc:subfield code="g">ita</marc:subfield><marc:subfield code="g">eng</marc:subfield></marc:datafield><marc:datafield tag="045" ind1="1" ind2=" "><marc:subfield code="b">d1847</marc:subfield><marc:subfield code="b">d1865</marc:subfield></marc:datafield><marc:datafield tag="049" ind1=" " ind2=" "><marc:subfield code="a">OFC1</marc:subfield></marc:datafield><marc:datafield tag="100" ind1="1" ind2=" "><marc:subfield code="a">Verdi, Giuseppe,</marc:subfield><marc:subfield code="d">1813-1901.</marc:subfield></marc:datafield><marc:datafield tag="240" ind1="1" ind2="0"><marc:subfield code="a">Macbeth.</marc:subfield><marc:subfield code="s">Vocal score</marc:subfield></marc:datafield><marc:datafield tag="245" ind1="1" ind2="0"><marc:subfield code="a">Macbeth :</marc:subfield><marc:subfield code="b">melodramma in quattro atti = melodramma in four acts /</marc:subfield><marc:subfield code="c">Giuseppe Verdi ; [libretto] di Francesco Maria Piave e Andrea Maffei ; riduzione per canto e pianoforte condotta sull'edizione critica della partitura a cura di David Lawton.</marc:subfield></marc:datafield><marc:datafield tag="260" ind1=" " ind2=" "><marc:subfield code="a">Chicago :</marc:subfield><marc:subfield code="b">University of Chicago Press ;</marc:subfield><marc:subfield code="a">Milano :</marc:subfield><marc:subfield code="b">Ricordi ;</marc:subfield><marc:subfield code="a">San Giuliano Milanese MI :</marc:subfield><marc:subfield code="b">Produzione, distribuzione e vendita, BMG Publications,</marc:subfield><marc:subfield code="c">c2006.</marc:subfield></marc:datafield><marc:datafield tag="300" ind1=" " ind2=" "><marc:subfield code="a">1 vocal score (2 v.) ;</marc:subfield><marc:subfield code="c">27 cm.</marc:subfield></marc:datafield><marc:datafield tag="500" ind1=" " ind2=" "><marc:subfield code="a">Based on Italian translations by Carlo Rusconi and Michele Leoni of the Shakespeare tragedy.</marc:subfield></marc:datafield><marc:datafield tag="500" ind1=" " ind2=" "><marc:subfield code="a">Vol. 2 comprises introd. and critical commentary in Italian and English, and appendices containing alternate versions of certain numbers.</marc:subfield></marc:datafield><marc:datafield tag="505" ind1="0" ind2=" "><marc:subfield code="a">Macbeth I, vocal score based on the critical editon --- Macbeth II, historical introduction and critical notes, music appendixes.</marc:subfield></marc:datafield><marc:datafield tag="600" ind1="0" ind2="0"><marc:subfield code="a">Macbeth,</marc:subfield><marc:subfield code="c">King of Scotland,</marc:subfield><marc:subfield code="d">active 11th century</marc:subfield><marc:subfield code="v">Drama.</marc:subfield></marc:datafield><marc:datafield tag="650" ind1=" " ind2="0"><marc:subfield code="a">Operas</marc:subfield><marc:subfield code="v">Vocal scores with piano.</marc:subfield></marc:datafield><marc:datafield tag="700" ind1="1" ind2=" "><marc:subfield code="a">Piave, Francesco Maria,</marc:subfield><marc:subfield code="d">1810-1876.</marc:subfield><marc:subfield code="4">lbt</marc:subfield></marc:datafield><marc:datafield tag="700" ind1="1" ind2=" "><marc:subfield code="a">Maffei, Andrea,</marc:subfield><marc:subfield code="d">1798-1885.</marc:subfield><marc:subfield code="4">lbt</marc:subfield></marc:datafield><marc:datafield tag="700" ind1="1" ind2=" "><marc:subfield code="a">Lawton, David.</marc:subfield><marc:subfield code="4">edt</marc:subfield></marc:datafield><marc:datafield tag="700" ind1="1" ind2=" "><marc:subfield code="a">Shakespeare, William,</marc:subfield><marc:subfield code="d">1564-1616.</marc:subfield><marc:subfield code="t">Macbeth.</marc:subfield></marc:datafield><marc:datafield tag="830" ind1=" " ind2="0"><marc:subfield code="a">Ricordi opera vocal score series.</marc:subfield></marc:datafield><marc:datafield tag="907" ind1=" " ind2=" "><marc:subfield code="a">b5335174</marc:subfield></marc:datafield><marc:datafield tag="919" ind1=" " ind2=" "><marc:subfield code="t">Macbeth Related</marc:subfield></marc:datafield><marc:datafield tag="999" ind1="9" ind2="1"><marc:subfield code="i">i7571139</marc:subfield><marc:subfield code="l">mmda</marc:subfield><marc:subfield code="s">-</marc:subfield><marc:subfield code="t">45</marc:subfield><marc:subfield code="c">1</marc:subfield><marc:subfield code="o">6</marc:subfield><marc:subfield code="b">00031875864</marc:subfield><marc:subfield code="p">090##</marc:subfield><marc:subfield code="q">|aM1503.V484|bM3 2006</marc:subfield><marc:subfield code="v">v.1</marc:subfield></marc:datafield><marc:datafield tag="999" ind1="9" ind2="1"><marc:subfield code="i">i7571140</marc:subfield><marc:subfield code="l">mmda</marc:subfield><marc:subfield code="s">-</marc:subfield><marc:subfield code="t">45</marc:subfield><marc:subfield code="c">1</marc:subfield><marc:subfield code="o">5</marc:subfield><marc:subfield code="b">00031875855</marc:subfield><marc:subfield code="p">090##</marc:subfield><marc:subfield code="q">|aM1503.V484|bM3 2006</marc:subfield><marc:subfield code="v">v.2</marc:subfield></marc:datafield><marc:datafield tag="999" ind1="0" ind2="0"><marc:subfield code="a">2008-11-05 00:00:00-05</marc:subfield><marc:subfield code="c">2008-02-06 14:30:00-05</marc:subfield><marc:subfield code="u">2017-11-15 15:46:09-05</marc:subfield></marc:datafield></marc:record>