
<marc:record><marc:leader>01486ccm a2200361 a 4500</marc:leader>
<marc:controlfield tag="008">911204s187u    it opz         n    zxx c</marc:controlfield>
<marc:controlfield tag="001">24891664</marc:controlfield><marc:controlfield tag="003">OCoLC</marc:controlfield><marc:controlfield tag="005">20110427104020.0</marc:controlfield><marc:datafield tag="019" ind1=" " ind2=" "><marc:subfield code="a">694575974</marc:subfield></marc:datafield><marc:datafield tag="028" ind1="2" ind2="2"><marc:subfield code="a">42219</marc:subfield><marc:subfield code="b">G. Ricordi</marc:subfield></marc:datafield><marc:datafield tag="035" ind1=" " ind2=" "><marc:subfield code="a">(OCoLC)24891664</marc:subfield><marc:subfield code="z">(OCoLC)694575974</marc:subfield></marc:datafield><marc:datafield tag="040" ind1=" " ind2=" "><marc:subfield code="a">RER</marc:subfield><marc:subfield code="c">RER</marc:subfield><marc:subfield code="d">OCLCQ</marc:subfield><marc:subfield code="d">IUL</marc:subfield><marc:subfield code="d">RES</marc:subfield><marc:subfield code="d">NOC</marc:subfield></marc:datafield><marc:datafield tag="042" ind1=" " ind2=" "><marc:subfield code="a">pcc</marc:subfield></marc:datafield><marc:datafield tag="045" ind1="0" ind2=" "><marc:subfield code="b">d1865</marc:subfield></marc:datafield><marc:datafield tag="048" ind1=" " ind2=" "><marc:subfield code="a">ka01</marc:subfield></marc:datafield><marc:datafield tag="049" ind1=" " ind2=" "><marc:subfield code="a">OFC1</marc:subfield></marc:datafield><marc:datafield tag="100" ind1="1" ind2=" "><marc:subfield code="a">Verdi, Giuseppe,</marc:subfield><marc:subfield code="d">1813-1901.</marc:subfield></marc:datafield><marc:datafield tag="240" ind1="1" ind2="0"><marc:subfield code="a">Macbeth;</marc:subfield><marc:subfield code="o">arranged</marc:subfield></marc:datafield><marc:datafield tag="245" ind1="1" ind2="0"><marc:subfield code="a">Macbeth :</marc:subfield><marc:subfield code="b">melodramma in quattro atti /</marc:subfield><marc:subfield code="c">di Francesco Maria Piave ; musica di Giuseppe Verdi ; pianoforte solo.</marc:subfield></marc:datafield><marc:datafield tag="260" ind1=" " ind2=" "><marc:subfield code="a">Milano ;</marc:subfield><marc:subfield code="a">New York :</marc:subfield><marc:subfield code="b">G. Ricordi,</marc:subfield><marc:subfield code="c">[187-?]</marc:subfield></marc:datafield><marc:datafield tag="300" ind1=" " ind2=" "><marc:subfield code="a">1 piano score (116 p.) ;</marc:subfield><marc:subfield code="c">28 cm.</marc:subfield></marc:datafield><marc:datafield tag="500" ind1=" " ind2=" "><marc:subfield code="a">&quot;Opera completa&quot; based on William Shakespeare's play Macbeth.</marc:subfield></marc:datafield><marc:datafield tag="500" ind1=" " ind2=" "><marc:subfield code="a">Composed March 14, 1847; revision composed April 21, 1865.</marc:subfield></marc:datafield><marc:datafield tag="500" ind1=" " ind2=" "><marc:subfield code="a">On t.p.: Riformato pel [i.e. del] Teatro Lirico di Parigi ed ivi rappresentato il 19 aprile 1865.</marc:subfield></marc:datafield><marc:datafield tag="500" ind1=" " ind2=" "><marc:subfield code="a">Locally bound with: Il trovatore : dramma lirico in quattro atti / di Salvatore Cammarano ; musica di Giuseppe Verdi.</marc:subfield></marc:datafield><marc:datafield tag="650" ind1=" " ind2="0"><marc:subfield code="a">Operas</marc:subfield><marc:subfield code="v">Piano scores.</marc:subfield></marc:datafield><marc:datafield tag="700" ind1="1" ind2=" "><marc:subfield code="a">Piave, Francesco Maria,</marc:subfield><marc:subfield code="d">1810-1876.</marc:subfield><marc:subfield code="4">lbt</marc:subfield></marc:datafield><marc:datafield tag="700" ind1="1" ind2=" "><marc:subfield code="a">Shakespeare, William,</marc:subfield><marc:subfield code="d">1564-1616.</marc:subfield><marc:subfield code="t">Macbeth.</marc:subfield></marc:datafield><marc:datafield tag="907" ind1=" " ind2=" "><marc:subfield code="a">b6640935</marc:subfield></marc:datafield><marc:datafield tag="919" ind1=" " ind2=" "><marc:subfield code="t">Macbeth Related</marc:subfield></marc:datafield><marc:datafield tag="999" ind1="9" ind2="1"><marc:subfield code="i">i6515738</marc:subfield><marc:subfield code="l">mmda</marc:subfield><marc:subfield code="s">-</marc:subfield><marc:subfield code="t">45</marc:subfield><marc:subfield code="c">1</marc:subfield><marc:subfield code="o">1</marc:subfield><marc:subfield code="b">00039788774</marc:subfield><marc:subfield code="p">092##</marc:subfield><marc:subfield code="q">|aM786.49|bV484t</marc:subfield></marc:datafield><marc:datafield tag="999" ind1="0" ind2="0"><marc:subfield code="a">2011-04-27 00:00:00-04</marc:subfield><marc:subfield code="c">2011-04-27 10:52:00-04</marc:subfield><marc:subfield code="u">2013-10-30 16:13:18-04</marc:subfield></marc:datafield></marc:record>