
<marc:record><marc:leader>03439cgm a2200721Ia 4500</marc:leader>
<marc:controlfield tag="007">vd cvaizq</marc:controlfield>
<marc:controlfield tag="008">120105p20122011enk193 e          vuita d</marc:controlfield><marc:controlfield tag="001">783796144</marc:controlfield><marc:controlfield tag="003">OCoLC</marc:controlfield><marc:controlfield tag="005">20120502094326.0</marc:controlfield><marc:datafield tag="024" ind1="1" ind2="0"><marc:subfield code="a">809478010630</marc:subfield></marc:datafield><marc:datafield tag="028" ind1="4" ind2="2"><marc:subfield code="a">OA1063D</marc:subfield><marc:subfield code="b">Opus Arte</marc:subfield></marc:datafield><marc:datafield tag="029" ind1="0" ind2=" "><marc:subfield code="a">UKBOR</marc:subfield><marc:subfield code="b">126542139</marc:subfield></marc:datafield><marc:datafield tag="035" ind1=" " ind2=" "><marc:subfield code="a">(OCoLC)783796144</marc:subfield></marc:datafield><marc:datafield tag="040" ind1=" " ind2=" "><marc:subfield code="a">UKBOR</marc:subfield><marc:subfield code="c">UKBOR</marc:subfield><marc:subfield code="d">UIU</marc:subfield></marc:datafield><marc:datafield tag="041" ind1="0" ind2=" "><marc:subfield code="a">ita</marc:subfield><marc:subfield code="j">eng</marc:subfield><marc:subfield code="j">fre</marc:subfield><marc:subfield code="j">ger</marc:subfield><marc:subfield code="j">ita</marc:subfield><marc:subfield code="j">spa</marc:subfield><marc:subfield code="h">ita</marc:subfield></marc:datafield><marc:datafield tag="049" ind1=" " ind2=" "><marc:subfield code="a">[Digital][Video][Disc]NOC3</marc:subfield></marc:datafield><marc:datafield tag="082" ind1="0" ind2="4"><marc:subfield code="a">782.1</marc:subfield></marc:datafield><marc:datafield tag="245" ind1="0" ind2="0"><marc:subfield code="a">Macbeth</marc:subfield><marc:subfield code="h">[videorecording] :</marc:subfield><marc:subfield code="b">music, Giuseppe Verdi ; Royal Opera House Cinema Season in association with Bank of America, Merrill Lynch, co-production with L'Opera National de Paris.</marc:subfield></marc:datafield><marc:datafield tag="260" ind1=" " ind2=" "><marc:subfield code="a">[Waldron, Heathfield, East Sussex] :</marc:subfield><marc:subfield code="b">Opus Arte,</marc:subfield><marc:subfield code="c">c2012.</marc:subfield></marc:datafield><marc:datafield tag="300" ind1=" " ind2=" "><marc:subfield code="a">1 videodisc (170 min.) :</marc:subfield><marc:subfield code="b">sd., col. ; 4 3/4 in.</marc:subfield></marc:datafield><marc:datafield tag="306" ind1=" " ind2=" "><marc:subfield code="a">031300</marc:subfield></marc:datafield><marc:datafield tag="500" ind1=" " ind2=" "><marc:subfield code="a">Opera in four acts.</marc:subfield></marc:datafield><marc:datafield tag="500" ind1=" " ind2=" "><marc:subfield code="a">Libretto by Francesco Maria Piave after the play by William Shakespeare.</marc:subfield></marc:datafield><marc:datafield tag="500" ind1=" " ind2=" "><marc:subfield code="a">Run time: approx. 170 min.</marc:subfield></marc:datafield><marc:datafield tag="500" ind1=" " ind2=" "><marc:subfield code="a">Bonus material: interviews (Simon Keeleyside, Raymond Aceto, Liudmyla Monastryrska); Rehearsing Macbeth with Antonio Pappano; image gallery.</marc:subfield></marc:datafield><marc:datafield tag="500" ind1=" " ind2=" "><marc:subfield code="a">Program notes in English, French and German (23 p. : ill.) inserted in container.</marc:subfield></marc:datafield><marc:datafield tag="508" ind1=" " ind2=" "><marc:subfield code="a">Phyllida Lloyd, stage director ; Harry Fehr, revival director ; Anthony Ward, designs ; Paule Constable, lighting design ; Sue Judd, screen director.</marc:subfield></marc:datafield><marc:datafield tag="511" ind1="0" ind2=" "><marc:subfield code="a">Simon Keenlyside (Macbeth) ; Raymond Aceto (Banquo) ; Liudmyla Monastyrska (Lady Macbeth) ; supporting soloists ; Royal Opera Chorus ; Orchestra of the Royal Opera House ; Antonio Pappano, conductor.</marc:subfield></marc:datafield><marc:datafield tag="518" ind1=" " ind2=" "><marc:subfield code="a">Recorded at the Royal Opera House, Covent Garden, 13 June 2011.</marc:subfield></marc:datafield><marc:datafield tag="520" ind1=" " ind2=" "><marc:subfield code="a">A manipulative wife whose desire to gain the Scottish throne drives her husband to murder and leaves both with blood on their hands.</marc:subfield></marc:datafield><marc:datafield tag="538" ind1=" " ind2=" "><marc:subfield code="a">DVD-9; NTSC; audio formats Dolby digital 2:0, DTS surround; picture format 16:9; all regions.</marc:subfield></marc:datafield><marc:datafield tag="546" ind1=" " ind2=" "><marc:subfield code="a">Sung in Italian with subtitles in English, French, German, Italian, and Spanish.</marc:subfield></marc:datafield><marc:datafield tag="655" ind1=" " ind2="7"><marc:subfield code="a">Filmed operas.</marc:subfield><marc:subfield code="2">lcgft</marc:subfield></marc:datafield><marc:datafield tag="655" ind1=" " ind2="7"><marc:subfield code="a">Film adaptations.</marc:subfield><marc:subfield code="2">local</marc:subfield></marc:datafield><marc:datafield tag="655" ind1=" " ind2="7"><marc:subfield code="a">British Literature</marc:subfield><marc:subfield code="x">Adaptations.</marc:subfield><marc:subfield code="2">local</marc:subfield></marc:datafield><marc:datafield tag="655" ind1=" " ind2="7"><marc:subfield code="a">Drama.</marc:subfield><marc:subfield code="2">local</marc:subfield></marc:datafield><marc:datafield tag="655" ind1=" " ind2="7"><marc:subfield code="a">Opera &amp; Operettas.</marc:subfield><marc:subfield code="2">local</marc:subfield></marc:datafield><marc:datafield tag="655" ind1=" " ind2="7"><marc:subfield code="a">Shakespeare on film.</marc:subfield><marc:subfield code="2">local</marc:subfield></marc:datafield><marc:datafield tag="655" ind1=" " ind2="7"><marc:subfield code="a">Theater - Plays.</marc:subfield><marc:subfield code="2">local</marc:subfield></marc:datafield><marc:datafield tag="700" ind1="1" ind2=" "><marc:subfield code="a">Piave, Francesco Maria,</marc:subfield><marc:subfield code="d">1810-1876.</marc:subfield></marc:datafield><marc:datafield tag="700" ind1="1" ind2=" "><marc:subfield code="a">Keenlyside, Simon.</marc:subfield></marc:datafield><marc:datafield tag="700" ind1="1" ind2=" "><marc:subfield code="a">Aceto, Raymond.</marc:subfield></marc:datafield><marc:datafield tag="700" ind1="1" ind2=" "><marc:subfield code="a">Monastryrska, Liudmyla.</marc:subfield></marc:datafield><marc:datafield tag="700" ind1="1" ind2=" "><marc:subfield code="a">Pappano, Antonio,</marc:subfield><marc:subfield code="d">1959-</marc:subfield></marc:datafield><marc:datafield tag="700" ind1="1" ind2=" "><marc:subfield code="a">Lloyd, Phyllida.</marc:subfield></marc:datafield><marc:datafield tag="700" ind1="1" ind2=" "><marc:subfield code="a">Fehr, Harry.</marc:subfield></marc:datafield><marc:datafield tag="700" ind1="1" ind2=" "><marc:subfield code="a">Ward, Anthony,</marc:subfield><marc:subfield code="d">1957-</marc:subfield></marc:datafield><marc:datafield tag="700" ind1="1" ind2=" "><marc:subfield code="a">Constable, Paule.</marc:subfield></marc:datafield><marc:datafield tag="700" ind1="1" ind2=" "><marc:subfield code="a">Judd, Sue</marc:subfield><marc:subfield code="c">(Producer)</marc:subfield></marc:datafield><marc:datafield tag="700" ind1="1" ind2=" "><marc:subfield code="a">Shakespeare, William,</marc:subfield><marc:subfield code="d">1564-1616.</marc:subfield><marc:subfield code="t">Macbeth.</marc:subfield></marc:datafield><marc:datafield tag="700" ind1="1" ind2="2"><marc:subfield code="a">Verdi, Giuseppe,</marc:subfield><marc:subfield code="d">1813-1901.</marc:subfield><marc:subfield code="t">Macbeth.</marc:subfield></marc:datafield><marc:datafield tag="710" ind1="2" ind2=" "><marc:subfield code="a">Royal Opera House (London, England).</marc:subfield><marc:subfield code="b">Chorus.</marc:subfield></marc:datafield><marc:datafield tag="710" ind1="2" ind2=" "><marc:subfield code="a">Royal Opera House (London, England).</marc:subfield><marc:subfield code="b">Orchestra.</marc:subfield></marc:datafield><marc:datafield tag="710" ind1="2" ind2=" "><marc:subfield code="a">Royal Opera House (London, England)</marc:subfield></marc:datafield><marc:datafield tag="710" ind1="2" ind2=" "><marc:subfield code="a">Bank of America.</marc:subfield></marc:datafield><marc:datafield tag="710" ind1="2" ind2=" "><marc:subfield code="a">Merrill Lynch &amp; Co. (1973- )</marc:subfield></marc:datafield><marc:datafield tag="710" ind1="2" ind2=" "><marc:subfield code="a">Opéra national de Paris.</marc:subfield></marc:datafield><marc:datafield tag="907" ind1=" " ind2=" "><marc:subfield code="a">b7069011</marc:subfield></marc:datafield><marc:datafield tag="919" ind1=" " ind2=" "><marc:subfield code="t">Macbeth Related</marc:subfield></marc:datafield><marc:datafield tag="999" ind1="9" ind2="1"><marc:subfield code="i">i9557238</marc:subfield><marc:subfield code="l">uldal</marc:subfield><marc:subfield code="s">o</marc:subfield><marc:subfield code="t">60</marc:subfield><marc:subfield code="c">1</marc:subfield><marc:subfield code="o">0</marc:subfield><marc:subfield code="b">00043091377</marc:subfield><marc:subfield code="p">099#9</marc:subfield><marc:subfield code="q">|a65-DVD14431</marc:subfield></marc:datafield><marc:datafield tag="999" ind1="9" ind2="1"><marc:subfield code="i">i9557239</marc:subfield><marc:subfield code="l">uldal</marc:subfield><marc:subfield code="s">o</marc:subfield><marc:subfield code="t">60</marc:subfield><marc:subfield code="c">1</marc:subfield><marc:subfield code="o">0</marc:subfield><marc:subfield code="b">00043091509</marc:subfield><marc:subfield code="p">099#9</marc:subfield><marc:subfield code="q">|a65-DVD14431</marc:subfield><marc:subfield code="v">booklet</marc:subfield></marc:datafield><marc:datafield tag="999" ind1="0" ind2="0"><marc:subfield code="a">2012-05-02 00:00:00-04</marc:subfield><marc:subfield code="c">2012-03-23 12:31:00-04</marc:subfield><marc:subfield code="u">2017-11-15 15:02:22-05</marc:subfield></marc:datafield></marc:record>