
<marc:record><marc:leader>02667cjm a2200589Ia 4500</marc:leader>
<marc:controlfield tag="006">m    |o  h |</marc:controlfield>
<marc:controlfield tag="008">011102p19991976enkopn  o           ita d</marc:controlfield><marc:controlfield tag="007">sz z|nnnnnzne|</marc:controlfield><marc:controlfield tag="007">cr nna|||||a|a</marc:controlfield><marc:controlfield tag="001">ASP945808/clmu</marc:controlfield><marc:controlfield tag="003">VaAlASP</marc:controlfield><marc:controlfield tag="005">20120501135934.0</marc:controlfield><marc:datafield tag="035" ind1=" " ind2=" "><marc:subfield code="a">(OCoLC)815763096</marc:subfield></marc:datafield><marc:datafield tag="040" ind1=" " ind2=" "><marc:subfield code="a">PMD</marc:subfield><marc:subfield code="c">PMD</marc:subfield><marc:subfield code="d">MYG</marc:subfield><marc:subfield code="d">VaAlASP</marc:subfield></marc:datafield><marc:datafield tag="045" ind1="1" ind2=" "><marc:subfield code="b">d1847</marc:subfield><marc:subfield code="b">d1865</marc:subfield></marc:datafield><marc:datafield tag="050" ind1=" " ind2="4"><marc:subfield code="a">M1500.V48</marc:subfield><marc:subfield code="b">M35 1999</marc:subfield></marc:datafield><marc:datafield tag="100" ind1="1" ind2=" "><marc:subfield code="a">Verdi, Giuseppe,</marc:subfield><marc:subfield code="d">1813-1901.</marc:subfield></marc:datafield><marc:datafield tag="245" ind1="1" ind2="0"><marc:subfield code="a">Macbeth</marc:subfield><marc:subfield code="h">[electronic resource] /</marc:subfield><marc:subfield code="c">Verdi ; [libretto, Francesco Maria Piave &amp; Andrea Maffei].</marc:subfield></marc:datafield><marc:datafield tag="260" ind1=" " ind2=" "><marc:subfield code="a">[England?] :</marc:subfield><marc:subfield code="b">EMI Classics,</marc:subfield><marc:subfield code="c">p1999.</marc:subfield></marc:datafield><marc:datafield tag="300" ind1=" " ind2=" "><marc:subfield code="a">1 online resource (152 min.).</marc:subfield></marc:datafield><marc:datafield tag="500" ind1=" " ind2=" "><marc:subfield code="a">Based on Shakespeare's play.</marc:subfield></marc:datafield><marc:datafield tag="500" ind1=" " ind2=" "><marc:subfield code="a">Opera in four acts (Paris version, 1865).</marc:subfield></marc:datafield><marc:datafield tag="500" ind1=" " ind2=" "><marc:subfield code="a">Originally released in 1976.</marc:subfield></marc:datafield><marc:datafield tag="500" ind1=" " ind2=" "><marc:subfield code="a">Previously released on compact discs.</marc:subfield></marc:datafield><marc:datafield tag="506" ind1="1" ind2=" "><marc:subfield code="a">Access limited to UNC Chapel Hill-authenticated users.</marc:subfield><marc:subfield code="f">Unlimited simultaneous users</marc:subfield></marc:datafield><marc:datafield tag="511" ind1="0" ind2=" "><marc:subfield code="a">Fiorenza Cossotto, mezzo-soprano; José Carreras, tenor; Sherrill Milnes, baritone; Ruggero Raimondi, bass; supporting soloists; Ambrosian Opera Chorus; New Philharmonia Orchestra; Riccardo Muti, conductor.</marc:subfield></marc:datafield><marc:datafield tag="518" ind1=" " ind2=" "><marc:subfield code="a">Recorded July 1976, Abbey Road Studios and Kingsway Hall, London.</marc:subfield></marc:datafield><marc:datafield tag="546" ind1=" " ind2=" "><marc:subfield code="a">Sung in Italian.</marc:subfield></marc:datafield><marc:datafield tag="600" ind1="0" ind2="0"><marc:subfield code="a">Macbeth,</marc:subfield><marc:subfield code="c">King of Scotland,</marc:subfield><marc:subfield code="d">active 11th century</marc:subfield><marc:subfield code="v">Drama.</marc:subfield></marc:datafield><marc:datafield tag="655" ind1=" " ind2="7"><marc:subfield code="a">Sound recordings.</marc:subfield><marc:subfield code="2">lcgft</marc:subfield></marc:datafield><marc:datafield tag="700" ind1="1" ind2=" "><marc:subfield code="a">Carreras, José.</marc:subfield><marc:subfield code="4">voc</marc:subfield></marc:datafield><marc:datafield tag="700" ind1="1" ind2=" "><marc:subfield code="a">Cossotto, Fiorenza.</marc:subfield><marc:subfield code="4">voc</marc:subfield></marc:datafield><marc:datafield tag="700" ind1="1" ind2=" "><marc:subfield code="a">Maffei, Andrea,</marc:subfield><marc:subfield code="d">1798-1885.</marc:subfield><marc:subfield code="4">lbt</marc:subfield></marc:datafield><marc:datafield tag="700" ind1="1" ind2=" "><marc:subfield code="a">Milnes, Sherrill.</marc:subfield><marc:subfield code="4">voc</marc:subfield></marc:datafield><marc:datafield tag="700" ind1="1" ind2=" "><marc:subfield code="a">Muti, Riccardo.</marc:subfield><marc:subfield code="4">cnd</marc:subfield></marc:datafield><marc:datafield tag="700" ind1="1" ind2=" "><marc:subfield code="a">Piave, Francesco Maria,</marc:subfield><marc:subfield code="d">1810-1876.</marc:subfield><marc:subfield code="4">lbt</marc:subfield></marc:datafield><marc:datafield tag="700" ind1="1" ind2=" "><marc:subfield code="a">Raimondi, Ruggero.</marc:subfield><marc:subfield code="4">voc</marc:subfield></marc:datafield><marc:datafield tag="700" ind1="1" ind2=" "><marc:subfield code="a">Shakespeare, William,</marc:subfield><marc:subfield code="d">1564-1616.</marc:subfield><marc:subfield code="t">Macbeth.</marc:subfield></marc:datafield><marc:datafield tag="710" ind1="2" ind2=" "><marc:subfield code="a">Ambrosian Opera Chorus.</marc:subfield><marc:subfield code="4">prf</marc:subfield></marc:datafield><marc:datafield tag="710" ind1="2" ind2=" "><marc:subfield code="a">New Philharmonia Orchestra.</marc:subfield><marc:subfield code="4">prf</marc:subfield></marc:datafield><marc:datafield tag="773" ind1="0" ind2=" "><marc:subfield code="t">Classical music library (online collection)</marc:subfield></marc:datafield><marc:datafield tag="776" ind1="1" ind2=" "><marc:subfield code="c">Original publisher catalog number</marc:subfield><marc:subfield code="o">7 67128 2</marc:subfield></marc:datafield><marc:datafield tag="776" ind1="1" ind2=" "><marc:subfield code="c">Original publisher catalog number</marc:subfield><marc:subfield code="o">7243 5 67128 2 9</marc:subfield></marc:datafield><marc:datafield tag="776" ind1="1" ind2=" "><marc:subfield code="c">Original publisher catalog number</marc:subfield><marc:subfield code="o">7243 5 67129 2 8</marc:subfield></marc:datafield><marc:datafield tag="776" ind1="1" ind2=" "><marc:subfield code="c">Original publisher catalog number</marc:subfield><marc:subfield code="o">7243 5 67130 2 4</marc:subfield></marc:datafield><marc:datafield tag="776" ind1="1" ind2=" "><marc:subfield code="c">Original publisher catalog number</marc:subfield><marc:subfield code="o">724356712829</marc:subfield></marc:datafield><marc:datafield tag="776" ind1="1" ind2=" "><marc:subfield code="c">Original publisher catalog number</marc:subfield><marc:subfield code="o">CDMB 67128</marc:subfield></marc:datafield><marc:datafield tag="776" ind1="1" ind2=" "><marc:subfield code="c">Original</marc:subfield><marc:subfield code="w">(OCoLC) 48260058</marc:subfield></marc:datafield><marc:datafield tag="856" ind1="4" ind2="0"><marc:subfield code="u">http://libproxy.lib.unc.edu/login?url=https://www.aspresolver.com/aspresolver.asp?CLMU;945808</marc:subfield><marc:subfield code="x">Classical music library</marc:subfield><marc:subfield code="y">Streaming audio available via the UNC-Chapel Hill Libraries</marc:subfield></marc:datafield><marc:datafield tag="907" ind1=" " ind2=" "><marc:subfield code="a">b7279325</marc:subfield></marc:datafield><marc:datafield tag="919" ind1=" " ind2=" "><marc:subfield code="t">Macbeth Related</marc:subfield></marc:datafield><marc:datafield tag="999" ind1="0" ind2="0"><marc:subfield code="a">2012-12-03 00:00:00-05</marc:subfield><marc:subfield code="c">2012-12-03 12:04:13-05</marc:subfield><marc:subfield code="u">2017-12-01 08:55:24-05</marc:subfield></marc:datafield></marc:record>