
<marc:record><marc:leader>02696cjm a2200553Ia 4500</marc:leader>
<marc:controlfield tag="006">m    |o  h |</marc:controlfield>
<marc:controlfield tag="008">011102p19931952enkopn  o           ita d</marc:controlfield><marc:controlfield tag="007">sz z|nnnnnzne|</marc:controlfield><marc:controlfield tag="007">cr nna|||||a|a</marc:controlfield><marc:controlfield tag="001">ASP946127/clmu</marc:controlfield><marc:controlfield tag="003">VaAlASP</marc:controlfield><marc:controlfield tag="005">20120501135934.0</marc:controlfield><marc:datafield tag="035" ind1=" " ind2=" "><marc:subfield code="a">(OCoLC)815761327</marc:subfield></marc:datafield><marc:datafield tag="040" ind1=" " ind2=" "><marc:subfield code="a">PMD</marc:subfield><marc:subfield code="c">PMD</marc:subfield><marc:subfield code="d">MYG</marc:subfield><marc:subfield code="d">VaAlASP</marc:subfield></marc:datafield><marc:datafield tag="045" ind1="1" ind2=" "><marc:subfield code="b">d1847</marc:subfield><marc:subfield code="b">d1865</marc:subfield></marc:datafield><marc:datafield tag="100" ind1="1" ind2=" "><marc:subfield code="a">Verdi, Giuseppe,</marc:subfield><marc:subfield code="d">1813-1901.</marc:subfield></marc:datafield><marc:datafield tag="245" ind1="1" ind2="0"><marc:subfield code="a">Macbeth</marc:subfield><marc:subfield code="h">[electronic resource] /</marc:subfield><marc:subfield code="c">Verdi ; [libretto, Francesco Maria Piave &amp; Andrea Maffei].</marc:subfield></marc:datafield><marc:datafield tag="260" ind1=" " ind2=" "><marc:subfield code="a">[England?] :</marc:subfield><marc:subfield code="b">EMI Classics,</marc:subfield><marc:subfield code="c">p1993.</marc:subfield></marc:datafield><marc:datafield tag="300" ind1=" " ind2=" "><marc:subfield code="a">1 online resource (140 min.).</marc:subfield></marc:datafield><marc:datafield tag="500" ind1=" " ind2=" "><marc:subfield code="a">&quot;Due to the poor quality of the original recording, the performance on these discs is marred by distortion, 'pre' and 'post'-echo and some 'drop-outs' ... It is released because of its importance as a document of the career of Maria Callas&quot;--Original container.</marc:subfield></marc:datafield><marc:datafield tag="500" ind1=" " ind2=" "><marc:subfield code="a">Based on Shakespeare's play.</marc:subfield></marc:datafield><marc:datafield tag="500" ind1=" " ind2=" "><marc:subfield code="a">Libretto by Francesco Maria Piave and Andrea Maffei.</marc:subfield></marc:datafield><marc:datafield tag="500" ind1=" " ind2=" "><marc:subfield code="a">Opera in four acts.</marc:subfield></marc:datafield><marc:datafield tag="500" ind1=" " ind2=" "><marc:subfield code="a">Previously released on compact discs.</marc:subfield></marc:datafield><marc:datafield tag="506" ind1="1" ind2=" "><marc:subfield code="a">Access limited to UNC Chapel Hill-authenticated users.</marc:subfield><marc:subfield code="f">Unlimited simultaneous users</marc:subfield></marc:datafield><marc:datafield tag="511" ind1="0" ind2=" "><marc:subfield code="a">Maria Callas, soprano ; Gino Penno, tenor ; Enzo Mascherini, Italo Tajo, basses ; supporting soloists ; Orchestra e Coro del Teatro alla Scala, Milano ; Victor de Sabata, conductor.</marc:subfield></marc:datafield><marc:datafield tag="518" ind1=" " ind2=" "><marc:subfield code="a">Recorded Dec. 7, 1952, La Scala, Milan.</marc:subfield></marc:datafield><marc:datafield tag="546" ind1=" " ind2=" "><marc:subfield code="a">Sung in Italian.</marc:subfield></marc:datafield><marc:datafield tag="600" ind1="0" ind2="0"><marc:subfield code="a">Macbeth,</marc:subfield><marc:subfield code="c">King of Scotland,</marc:subfield><marc:subfield code="d">active 11th century</marc:subfield><marc:subfield code="v">Drama.</marc:subfield></marc:datafield><marc:datafield tag="655" ind1=" " ind2="7"><marc:subfield code="a">Sound recordings.</marc:subfield><marc:subfield code="2">lcgft</marc:subfield></marc:datafield><marc:datafield tag="700" ind1="1" ind2=" "><marc:subfield code="a">Callas, Maria,</marc:subfield><marc:subfield code="d">1923-1977.</marc:subfield><marc:subfield code="4">voc</marc:subfield></marc:datafield><marc:datafield tag="700" ind1="1" ind2=" "><marc:subfield code="a">De Sabata, Victor,</marc:subfield><marc:subfield code="d">1892-1967.</marc:subfield><marc:subfield code="4">cnd</marc:subfield></marc:datafield><marc:datafield tag="700" ind1="1" ind2=" "><marc:subfield code="a">Maffei, Andrea,</marc:subfield><marc:subfield code="d">1798-1885.</marc:subfield><marc:subfield code="4">lbt</marc:subfield></marc:datafield><marc:datafield tag="700" ind1="1" ind2=" "><marc:subfield code="a">Mascherini, Enzo.</marc:subfield><marc:subfield code="4">voc</marc:subfield></marc:datafield><marc:datafield tag="700" ind1="1" ind2=" "><marc:subfield code="a">Penno, Gino.</marc:subfield><marc:subfield code="4">voc</marc:subfield></marc:datafield><marc:datafield tag="700" ind1="1" ind2=" "><marc:subfield code="a">Piave, Francesco Maria,</marc:subfield><marc:subfield code="d">1810-1876.</marc:subfield><marc:subfield code="4">lbt</marc:subfield></marc:datafield><marc:datafield tag="700" ind1="1" ind2=" "><marc:subfield code="a">Shakespeare, William,</marc:subfield><marc:subfield code="d">1564-1616.</marc:subfield><marc:subfield code="t">Macbeth.</marc:subfield></marc:datafield><marc:datafield tag="700" ind1="1" ind2=" "><marc:subfield code="a">Tajo, Italo.</marc:subfield><marc:subfield code="4">voc</marc:subfield></marc:datafield><marc:datafield tag="710" ind1="2" ind2=" "><marc:subfield code="a">Teatro alla Scala.</marc:subfield><marc:subfield code="4">prf</marc:subfield></marc:datafield><marc:datafield tag="773" ind1="0" ind2=" "><marc:subfield code="t">Classical music library (online collection)</marc:subfield></marc:datafield><marc:datafield tag="776" ind1="1" ind2=" "><marc:subfield code="c">Original publisher catalog number</marc:subfield><marc:subfield code="o">0777 7 64944 2 5</marc:subfield></marc:datafield><marc:datafield tag="776" ind1="1" ind2=" "><marc:subfield code="c">Original publisher catalog number</marc:subfield><marc:subfield code="o">0777 7 64945 2 4</marc:subfield></marc:datafield><marc:datafield tag="776" ind1="1" ind2=" "><marc:subfield code="c">Original publisher catalog number</marc:subfield><marc:subfield code="o">0777 7 64946 2 3</marc:subfield></marc:datafield><marc:datafield tag="776" ind1="1" ind2=" "><marc:subfield code="c">Original publisher catalog number</marc:subfield><marc:subfield code="o">CMS 7 64944 2</marc:subfield></marc:datafield><marc:datafield tag="776" ind1="1" ind2=" "><marc:subfield code="c">Original</marc:subfield><marc:subfield code="w">(OCoLC) 30538263</marc:subfield></marc:datafield><marc:datafield tag="856" ind1="4" ind2="0"><marc:subfield code="u">http://libproxy.lib.unc.edu/login?url=https://www.aspresolver.com/aspresolver.asp?CLMU;946127</marc:subfield><marc:subfield code="x">Classical music library</marc:subfield><marc:subfield code="y">Streaming audio available via the UNC-Chapel Hill Libraries</marc:subfield></marc:datafield><marc:datafield tag="907" ind1=" " ind2=" "><marc:subfield code="a">b7279326</marc:subfield></marc:datafield><marc:datafield tag="919" ind1=" " ind2=" "><marc:subfield code="t">Macbeth Related</marc:subfield></marc:datafield><marc:datafield tag="999" ind1="0" ind2="0"><marc:subfield code="a">2012-12-03 00:00:00-05</marc:subfield><marc:subfield code="c">2012-12-03 12:04:16-05</marc:subfield><marc:subfield code="u">2017-12-01 08:55:24-05</marc:subfield></marc:datafield></marc:record>