
<marc:record><marc:leader>02379cjm a2200529Ia 4500</marc:leader>
<marc:controlfield tag="008">121026p20122011au opnn           n ita d</marc:controlfield>
<marc:controlfield tag="007">sd fsngnnmmned</marc:controlfield><marc:controlfield tag="001">815510785</marc:controlfield><marc:controlfield tag="003">OCoLC</marc:controlfield><marc:controlfield tag="005">20130904011535.0</marc:controlfield><marc:datafield tag="019" ind1=" " ind2=" "><marc:subfield code="a">812259620</marc:subfield></marc:datafield><marc:datafield tag="024" ind1="3" ind2=" "><marc:subfield code="a">9120031340850</marc:subfield></marc:datafield><marc:datafield tag="028" ind1="0" ind2="2"><marc:subfield code="a">WWE 2CD 20404</marc:subfield><marc:subfield code="b">Col Legno</marc:subfield></marc:datafield><marc:datafield tag="035" ind1=" " ind2=" "><marc:subfield code="a">(OCoLC)815510785</marc:subfield><marc:subfield code="z">(OCoLC)812259620</marc:subfield></marc:datafield><marc:datafield tag="040" ind1=" " ind2=" "><marc:subfield code="a">TDF</marc:subfield><marc:subfield code="b">eng</marc:subfield><marc:subfield code="c">TDF</marc:subfield><marc:subfield code="d">BTCTA</marc:subfield><marc:subfield code="d">CUS</marc:subfield><marc:subfield code="d">MYG</marc:subfield><marc:subfield code="d">NOC</marc:subfield></marc:datafield><marc:datafield tag="041" ind1="0" ind2=" "><marc:subfield code="d">ita</marc:subfield><marc:subfield code="e">ita</marc:subfield><marc:subfield code="g">eng</marc:subfield><marc:subfield code="g">ger</marc:subfield></marc:datafield><marc:datafield tag="049" ind1=" " ind2=" "><marc:subfield code="a">NODP</marc:subfield></marc:datafield><marc:datafield tag="100" ind1="1" ind2=" "><marc:subfield code="a">Sciarrino, Salvatore,</marc:subfield><marc:subfield code="e">composer.</marc:subfield></marc:datafield><marc:datafield tag="245" ind1="1" ind2="0"><marc:subfield code="a">Macbeth</marc:subfield><marc:subfield code="h">[sound recording] /</marc:subfield><marc:subfield code="c">Salvatore Sciarrino.</marc:subfield></marc:datafield><marc:datafield tag="246" ind1="1" ind2=" "><marc:subfield code="i">Subtitle on container:</marc:subfield><marc:subfield code="a">Blut, Blut, Blut</marc:subfield></marc:datafield><marc:datafield tag="260" ind1=" " ind2=" "><marc:subfield code="a">[Vienna] :</marc:subfield><marc:subfield code="b">Col Legno,</marc:subfield><marc:subfield code="c">p2012.</marc:subfield></marc:datafield><marc:datafield tag="300" ind1=" " ind2=" "><marc:subfield code="a">2 sound discs (1 hr., 47 min., 23 sec.) :</marc:subfield><marc:subfield code="b">digital ;</marc:subfield><marc:subfield code="c">4 3/4 in.</marc:subfield></marc:datafield><marc:datafield tag="306" ind1=" " ind2=" "><marc:subfield code="a">014723</marc:subfield></marc:datafield><marc:datafield tag="500" ind1=" " ind2=" "><marc:subfield code="a">Libretto by Salvatore Sciarrino after William Shakespeare.</marc:subfield></marc:datafield><marc:datafield tag="500" ind1=" " ind2=" "><marc:subfield code="a">&quot;Live recordings issued by Salzburger Festspiele Salzburger Festspieldokumente, 'Der 5. Kontinent'&quot;--Container.</marc:subfield></marc:datafield><marc:datafield tag="500" ind1=" " ind2=" "><marc:subfield code="a">&quot;Salzburger Festspiele Reihe Kontinent.&quot;</marc:subfield></marc:datafield><marc:datafield tag="500" ind1=" " ind2=" "><marc:subfield code="a">Program notes and interview of Sciarrino by baritone Otto Katzameier in English &amp; German and Italian libretto (69 p. : ports.) affixed to container.</marc:subfield></marc:datafield><marc:datafield tag="500" ind1=" " ind2=" "><marc:subfield code="a">Compact discs.</marc:subfield></marc:datafield><marc:datafield tag="511" ind1="0" ind2=" "><marc:subfield code="a">Otto Katzameier, Macbeth ; Anna Radziejewska, Lady Macbeth ; Richard Zook, Banquo/Ghost/Attendant ; Sonia Turchetta, Solider/Banquo's son/Murderer/Messenger ; Thomas Mehnert, Duncan/Gentleman/Macduff ; Vokalensemble NOVA ; Klangforum Wien ; Evan Christ, conductor.</marc:subfield></marc:datafield><marc:datafield tag="518" ind1=" " ind2=" "><marc:subfield code="a">Recorded Kollegienkirche, Salzburg, 2011 Aug. 4-5.</marc:subfield></marc:datafield><marc:datafield tag="655" ind1=" " ind2="7"><marc:subfield code="a">Live sound recordings.</marc:subfield><marc:subfield code="2">lcgft</marc:subfield></marc:datafield><marc:datafield tag="700" ind1="1" ind2=" "><marc:subfield code="a">Katzameier, Otto,</marc:subfield><marc:subfield code="e">singer.</marc:subfield></marc:datafield><marc:datafield tag="700" ind1="1" ind2=" "><marc:subfield code="a">Radziejewska, Anna,</marc:subfield><marc:subfield code="e">singer.</marc:subfield></marc:datafield><marc:datafield tag="700" ind1="1" ind2=" "><marc:subfield code="a">Zook, Richard,</marc:subfield><marc:subfield code="e">singer.</marc:subfield></marc:datafield><marc:datafield tag="700" ind1="1" ind2=" "><marc:subfield code="a">Turchetta, Sonia,</marc:subfield><marc:subfield code="e">singer.</marc:subfield></marc:datafield><marc:datafield tag="700" ind1="1" ind2=" "><marc:subfield code="a">Mehnert, Thomas,</marc:subfield><marc:subfield code="e">singer.</marc:subfield></marc:datafield><marc:datafield tag="700" ind1="1" ind2=" "><marc:subfield code="a">Christ, Evan,</marc:subfield><marc:subfield code="e">conductor.</marc:subfield></marc:datafield><marc:datafield tag="700" ind1="1" ind2=" "><marc:subfield code="a">Shakespeare, William,</marc:subfield><marc:subfield code="d">1564-1616.</marc:subfield><marc:subfield code="t">Macbeth.</marc:subfield></marc:datafield><marc:datafield tag="700" ind1="1" ind2="2"><marc:subfield code="a">Sciarrino, Salvatore.</marc:subfield><marc:subfield code="t">Macbeth.</marc:subfield><marc:subfield code="s">Libretto.</marc:subfield></marc:datafield><marc:datafield tag="710" ind1="2" ind2=" "><marc:subfield code="a">Vokalensemble Nova,</marc:subfield><marc:subfield code="e">singer.</marc:subfield></marc:datafield><marc:datafield tag="710" ind1="2" ind2=" "><marc:subfield code="a">Klangforum Wien,</marc:subfield><marc:subfield code="e">instrumentalist.</marc:subfield></marc:datafield><marc:datafield tag="830" ind1=" " ind2="0"><marc:subfield code="a">Festspieldokumente.</marc:subfield></marc:datafield><marc:datafield tag="830" ind1=" " ind2="0"><marc:subfield code="a">Contemporary (Vienna, Austria)</marc:subfield></marc:datafield><marc:datafield tag="907" ind1=" " ind2=" "><marc:subfield code="a">b7374678</marc:subfield></marc:datafield><marc:datafield tag="919" ind1=" " ind2=" "><marc:subfield code="t">Macbeth Related</marc:subfield></marc:datafield><marc:datafield tag="999" ind1="9" ind2="1"><marc:subfield code="i">i10099037</marc:subfield><marc:subfield code="l">mmdd</marc:subfield><marc:subfield code="s">-</marc:subfield><marc:subfield code="t">50</marc:subfield><marc:subfield code="c">1</marc:subfield><marc:subfield code="o">0</marc:subfield><marc:subfield code="b">00035684553</marc:subfield><marc:subfield code="p">099#9</marc:subfield><marc:subfield code="q">|aCD-26,686</marc:subfield></marc:datafield><marc:datafield tag="999" ind1="0" ind2="0"><marc:subfield code="a">2013-09-04 00:00:00-04</marc:subfield><marc:subfield code="c">2013-04-09 15:11:58-04</marc:subfield><marc:subfield code="u">2017-11-15 15:46:10-05</marc:subfield></marc:datafield></marc:record>