
<marc:record><marc:leader>03365cjm a2200649Ii 4500</marc:leader>
<marc:controlfield tag="007">sd fsngnn|||ed</marc:controlfield>
<marc:controlfield tag="007">sd fzngnn|||ed</marc:controlfield><marc:controlfield tag="008">130204p20132012enkmunn  efi      n zxx d</marc:controlfield><marc:controlfield tag="001">826876216</marc:controlfield><marc:controlfield tag="003">OCoLC</marc:controlfield><marc:controlfield tag="005">20140416041445.0</marc:controlfield><marc:datafield tag="024" ind1="1" ind2="0"><marc:subfield code="a">095115511725</marc:subfield></marc:datafield><marc:datafield tag="028" ind1="0" ind2="2"><marc:subfield code="a">CHSA 5117</marc:subfield><marc:subfield code="b">Chandos</marc:subfield></marc:datafield><marc:datafield tag="035" ind1=" " ind2=" "><marc:subfield code="a">(OCoLC)826876216</marc:subfield></marc:datafield><marc:datafield tag="040" ind1=" " ind2=" "><marc:subfield code="a">TDF</marc:subfield><marc:subfield code="b">eng</marc:subfield><marc:subfield code="e">rda</marc:subfield><marc:subfield code="c">TDF</marc:subfield><marc:subfield code="d">OCLCO</marc:subfield><marc:subfield code="d">CIN</marc:subfield><marc:subfield code="d">OCLCO</marc:subfield><marc:subfield code="d">CIN</marc:subfield><marc:subfield code="d">OCLCO</marc:subfield><marc:subfield code="d">OCLCQ</marc:subfield><marc:subfield code="d">OCLCO</marc:subfield><marc:subfield code="d">OCLCQ</marc:subfield><marc:subfield code="d">OCLCO</marc:subfield><marc:subfield code="d">OCLCA</marc:subfield><marc:subfield code="d">OCLCF</marc:subfield><marc:subfield code="d">NOC</marc:subfield></marc:datafield><marc:datafield tag="041" ind1="0" ind2=" "><marc:subfield code="g">eng</marc:subfield><marc:subfield code="g">fre</marc:subfield><marc:subfield code="g">ger</marc:subfield></marc:datafield><marc:datafield tag="047" ind1=" " ind2=" "><marc:subfield code="a">sy</marc:subfield><marc:subfield code="a">ov</marc:subfield></marc:datafield><marc:datafield tag="049" ind1=" " ind2=" "><marc:subfield code="a">NODP</marc:subfield></marc:datafield><marc:datafield tag="100" ind1="1" ind2=" "><marc:subfield code="a">Raff, Joachim,</marc:subfield><marc:subfield code="d">1822-1882,</marc:subfield><marc:subfield code="e">composer.</marc:subfield></marc:datafield><marc:datafield tag="240" ind1="1" ind2="0"><marc:subfield code="a">Orchestra music.</marc:subfield><marc:subfield code="k">Selections</marc:subfield></marc:datafield><marc:datafield tag="245" ind1="1" ind2="0"><marc:subfield code="a">Symphony no. 2 ;</marc:subfield><marc:subfield code="b">Four Shakespeare preludes /</marc:subfield><marc:subfield code="c">Joachim Raff.</marc:subfield></marc:datafield><marc:datafield tag="264" ind1=" " ind2="1"><marc:subfield code="a">Colchester, Essex, England :</marc:subfield><marc:subfield code="b">Chandos,</marc:subfield><marc:subfield code="c">[2013]</marc:subfield></marc:datafield><marc:datafield tag="264" ind1=" " ind2="4"><marc:subfield code="c">℗2013</marc:subfield></marc:datafield><marc:datafield tag="300" ind1=" " ind2=" "><marc:subfield code="a">1 audio disc (77 min., 47 sec.) ;</marc:subfield><marc:subfield code="c">4 3/4 in.</marc:subfield></marc:datafield><marc:datafield tag="306" ind1=" " ind2=" "><marc:subfield code="a">003341</marc:subfield><marc:subfield code="a">001410</marc:subfield><marc:subfield code="a">001122</marc:subfield><marc:subfield code="a">000946</marc:subfield><marc:subfield code="a">000814</marc:subfield></marc:datafield><marc:datafield tag="336" ind1=" " ind2=" "><marc:subfield code="a">performed music</marc:subfield><marc:subfield code="b">prm</marc:subfield><marc:subfield code="2">rdacontent</marc:subfield></marc:datafield><marc:datafield tag="337" ind1=" " ind2=" "><marc:subfield code="a">audio</marc:subfield><marc:subfield code="b">s</marc:subfield><marc:subfield code="2">rdamedia</marc:subfield></marc:datafield><marc:datafield tag="338" ind1=" " ind2=" "><marc:subfield code="a">audio disc</marc:subfield><marc:subfield code="b">sd</marc:subfield><marc:subfield code="2">rdacarrier</marc:subfield></marc:datafield><marc:datafield tag="344" ind1=" " ind2=" "><marc:subfield code="a">digital</marc:subfield><marc:subfield code="g">stereo</marc:subfield><marc:subfield code="g">surround</marc:subfield><marc:subfield code="2">rda</marc:subfield></marc:datafield><marc:datafield tag="347" ind1=" " ind2=" "><marc:subfield code="a">audio file</marc:subfield><marc:subfield code="b">CD audio</marc:subfield><marc:subfield code="b">SACD</marc:subfield><marc:subfield code="2">rda</marc:subfield></marc:datafield><marc:datafield tag="500" ind1=" " ind2=" "><marc:subfield code="a">Title from container.</marc:subfield></marc:datafield><marc:datafield tag="500" ind1=" " ind2=" "><marc:subfield code="a">Program notes in English, French and German in container.</marc:subfield></marc:datafield><marc:datafield tag="505" ind1="0" ind2=" "><marc:subfield code="a">Symphony no. 2, op. 140, 1866 in C major (33:41) -- Orchestral prelude to Shakespeare's &quot;The tempest&quot; : WoO 49, 1879 in G minor (14:10) -- Orchestral prelude to Shakespeare's &quot;Macbeth&quot; : WoO 50, 1879 in C minor (11:22) -- Orchestral prelude to Shakespeare's &quot;Romeo and Juliet&quot; : WoO 51, 1879 in D major (9:46) -- Orchestral prelude to Shakespeare's &quot;Othello&quot; : WoO 52, 1879 in D major (8:14).</marc:subfield></marc:datafield><marc:datafield tag="511" ind1="0" ind2=" "><marc:subfield code="a">Orchestre de la Suisse romande ; Neeme Järvi, conductor.</marc:subfield></marc:datafield><marc:datafield tag="518" ind1=" " ind2=" "><marc:subfield code="o">Recorded</marc:subfield><marc:subfield code="d">2012 June 25-27</marc:subfield><marc:subfield code="p">Victoria Hall, Geneva, Switzerland.</marc:subfield></marc:datafield><marc:datafield tag="538" ind1=" " ind2=" "><marc:subfield code="a">Super audio CD (hybrid); multi-channel and stereo sound; playable on CD and SACD players.</marc:subfield></marc:datafield><marc:datafield tag="650" ind1=" " ind2="7"><marc:subfield code="a">Overtures.</marc:subfield><marc:subfield code="2">fast</marc:subfield><marc:subfield code="0">(OCoLC)fst01049384</marc:subfield></marc:datafield><marc:datafield tag="650" ind1=" " ind2="7"><marc:subfield code="a">Symphonies.</marc:subfield><marc:subfield code="2">fast</marc:subfield><marc:subfield code="0">(OCoLC)fst01140873</marc:subfield></marc:datafield><marc:datafield tag="655" ind1=" " ind2="7"><marc:subfield code="a">Symphonies.</marc:subfield><marc:subfield code="2">lcgft</marc:subfield></marc:datafield><marc:datafield tag="655" ind1=" " ind2="7"><marc:subfield code="a">Overtures.</marc:subfield><marc:subfield code="2">lcgft</marc:subfield></marc:datafield><marc:datafield tag="700" ind1="1" ind2=" "><marc:subfield code="a">Järvi, Neeme,</marc:subfield><marc:subfield code="e">conductor.</marc:subfield></marc:datafield><marc:datafield tag="700" ind1="1" ind2=" "><marc:subfield code="3">2nd work</marc:subfield><marc:subfield code="i">Based on (work):</marc:subfield><marc:subfield code="a">Shakespeare, William,</marc:subfield><marc:subfield code="d">1564-1616.</marc:subfield><marc:subfield code="t">Tempest.</marc:subfield></marc:datafield><marc:datafield tag="700" ind1="1" ind2=" "><marc:subfield code="3">3rd work</marc:subfield><marc:subfield code="i">Based on (work):</marc:subfield><marc:subfield code="a">Shakespeare, William,</marc:subfield><marc:subfield code="d">1564-1616.</marc:subfield><marc:subfield code="t">Macbeth.</marc:subfield></marc:datafield><marc:datafield tag="700" ind1="1" ind2=" "><marc:subfield code="3">4th work</marc:subfield><marc:subfield code="i">Based on (work):</marc:subfield><marc:subfield code="a">Shakespeare, William,</marc:subfield><marc:subfield code="d">1564-1616.</marc:subfield><marc:subfield code="t">Romeo and Juliet.</marc:subfield></marc:datafield><marc:datafield tag="700" ind1="1" ind2=" "><marc:subfield code="3">5th work</marc:subfield><marc:subfield code="i">Based on (work):</marc:subfield><marc:subfield code="a">Shakespeare, William,</marc:subfield><marc:subfield code="d">1564-1616.</marc:subfield><marc:subfield code="t">Othello.</marc:subfield></marc:datafield><marc:datafield tag="700" ind1="1" ind2="2"><marc:subfield code="i">Container of (work):</marc:subfield><marc:subfield code="a">Raff, Joachim,</marc:subfield><marc:subfield code="d">1822-1882.</marc:subfield><marc:subfield code="t">Symphonies,</marc:subfield><marc:subfield code="n">no. 2, op. 140,</marc:subfield><marc:subfield code="r">C major.</marc:subfield></marc:datafield><marc:datafield tag="700" ind1="1" ind2="2"><marc:subfield code="i">Container of (work):</marc:subfield><marc:subfield code="a">Raff, Joachim,</marc:subfield><marc:subfield code="d">1822-1882.</marc:subfield><marc:subfield code="t">Orchester-Vorspiel zu Shakespeare's Sturm.</marc:subfield></marc:datafield><marc:datafield tag="700" ind1="1" ind2="2"><marc:subfield code="i">Container of (work):</marc:subfield><marc:subfield code="a">Raff, Joachim,</marc:subfield><marc:subfield code="d">1822-1882.</marc:subfield><marc:subfield code="t">Orchester-Vorspiel zu Shakespeare's Macbeth.</marc:subfield></marc:datafield><marc:datafield tag="700" ind1="1" ind2="2"><marc:subfield code="i">Container of (work):</marc:subfield><marc:subfield code="a">Raff, Joachim,</marc:subfield><marc:subfield code="d">1822-1882.</marc:subfield><marc:subfield code="t">Orchester-Vorspiel zu Shakespeare's Romeo und Julie.</marc:subfield></marc:datafield><marc:datafield tag="700" ind1="1" ind2="2"><marc:subfield code="i">Container of (work):</marc:subfield><marc:subfield code="a">Raff, Joachim,</marc:subfield><marc:subfield code="d">1822-1882.</marc:subfield><marc:subfield code="t">Orchester-Vorspiel zu Shakespeare's Othello.</marc:subfield></marc:datafield><marc:datafield tag="710" ind1="2" ind2=" "><marc:subfield code="a">Orchestre de la Suisse romande,</marc:subfield><marc:subfield code="e">performer.</marc:subfield></marc:datafield><marc:datafield tag="740" ind1="0" ind2="2"><marc:subfield code="a">Four Shakespeare preludes.</marc:subfield></marc:datafield><marc:datafield tag="740" ind1="0" ind2="2"><marc:subfield code="a">Shakespeare preludes.</marc:subfield></marc:datafield><marc:datafield tag="907" ind1=" " ind2=" "><marc:subfield code="a">b7596658</marc:subfield></marc:datafield><marc:datafield tag="919" ind1=" " ind2=" "><marc:subfield code="t">Macbeth Related</marc:subfield></marc:datafield><marc:datafield tag="999" ind1="9" ind2="1"><marc:subfield code="i">i10334237</marc:subfield><marc:subfield code="l">mmdd</marc:subfield><marc:subfield code="s">-</marc:subfield><marc:subfield code="t">50</marc:subfield><marc:subfield code="c">1</marc:subfield><marc:subfield code="o">1</marc:subfield><marc:subfield code="b">00047207707</marc:subfield><marc:subfield code="p">099#9</marc:subfield><marc:subfield code="q">|aCD-27,216</marc:subfield></marc:datafield><marc:datafield tag="999" ind1="0" ind2="0"><marc:subfield code="a">2014-04-16 00:00:00-04</marc:subfield><marc:subfield code="c">2013-10-14 15:37:53-04</marc:subfield><marc:subfield code="u">2017-11-15 15:50:21-05</marc:subfield></marc:datafield></marc:record>