
<marc:record><marc:leader>03247cgm a2200733Ia 4500</marc:leader>
<marc:controlfield tag="007">vd bvaizs</marc:controlfield>
<marc:controlfield tag="008">120824p20121948ilu107            vleng d</marc:controlfield><marc:controlfield tag="001">808151006</marc:controlfield><marc:controlfield tag="003">OCoLC</marc:controlfield><marc:controlfield tag="005">20140116102441.0</marc:controlfield><marc:datafield tag="024" ind1="1" ind2=" "><marc:subfield code="a">887090043908</marc:subfield></marc:datafield><marc:datafield tag="028" ind1="4" ind2="2"><marc:subfield code="a">OF439</marc:subfield><marc:subfield code="b">Olive Films</marc:subfield></marc:datafield><marc:datafield tag="035" ind1=" " ind2=" "><marc:subfield code="a">(OCoLC)808151006</marc:subfield></marc:datafield><marc:datafield tag="037" ind1=" " ind2=" "><marc:subfield code="b">Midwest Tape</marc:subfield><marc:subfield code="n">http://www.midwesttapes.com</marc:subfield></marc:datafield><marc:datafield tag="040" ind1=" " ind2=" "><marc:subfield code="a">TEFMT</marc:subfield><marc:subfield code="b">eng</marc:subfield><marc:subfield code="c">TEFMT</marc:subfield><marc:subfield code="d">TEF</marc:subfield><marc:subfield code="d">MTG</marc:subfield><marc:subfield code="d">EMU</marc:subfield><marc:subfield code="d">IBI</marc:subfield><marc:subfield code="d">VP@</marc:subfield><marc:subfield code="d">OCLCA</marc:subfield><marc:subfield code="d">AHS</marc:subfield><marc:subfield code="d">TYC</marc:subfield><marc:subfield code="d">OCLCO</marc:subfield><marc:subfield code="d">NOC</marc:subfield></marc:datafield><marc:datafield tag="043" ind1=" " ind2=" "><marc:subfield code="a">e-uk-st</marc:subfield></marc:datafield><marc:datafield tag="046" ind1=" " ind2=" "><marc:subfield code="k">1948</marc:subfield></marc:datafield><marc:datafield tag="049" ind1=" " ind2=" "><marc:subfield code="a">[Digital][Video][Disc]NOC3</marc:subfield></marc:datafield><marc:datafield tag="050" ind1=" " ind2="4"><marc:subfield code="a">PN1997</marc:subfield><marc:subfield code="b">.M33 2012</marc:subfield></marc:datafield><marc:datafield tag="082" ind1="0" ind2="4"><marc:subfield code="a">791.43/72</marc:subfield><marc:subfield code="2">23</marc:subfield></marc:datafield><marc:datafield tag="130" ind1="0" ind2=" "><marc:subfield code="a">Macbeth (Motion picture : 1948)</marc:subfield></marc:datafield><marc:datafield tag="245" ind1="0" ind2="0"><marc:subfield code="a">Macbeth</marc:subfield><marc:subfield code="h">[videorecording] /</marc:subfield><marc:subfield code="c">A Republic picture ; Charles K. Feldman presents a Mercury production by Orson Welles ; [written] by William Shakespeare ; directed by Orson Welles.</marc:subfield></marc:datafield><marc:datafield tag="246" ind1="1" ind2=" "><marc:subfield code="i">Title appears on disc label as:</marc:subfield><marc:subfield code="a">Orson Welles Macbeth</marc:subfield></marc:datafield><marc:datafield tag="257" ind1=" " ind2=" "><marc:subfield code="a">United States.</marc:subfield></marc:datafield><marc:datafield tag="260" ind1=" " ind2=" "><marc:subfield code="a">[St. Charles, Ill.] :</marc:subfield><marc:subfield code="b">Olive Films,</marc:subfield><marc:subfield code="c">c2012.</marc:subfield></marc:datafield><marc:datafield tag="300" ind1=" " ind2=" "><marc:subfield code="a">1 videodisc (107 min.) :</marc:subfield><marc:subfield code="b">sd., b&amp;w ;</marc:subfield><marc:subfield code="c">4 3/4 in.</marc:subfield></marc:datafield><marc:datafield tag="500" ind1=" " ind2=" "><marc:subfield code="a">Originally released as a motion picture in 1948.</marc:subfield></marc:datafield><marc:datafield tag="500" ind1=" " ind2=" "><marc:subfield code="a">Run time: approx. 107 min.</marc:subfield></marc:datafield><marc:datafield tag="508" ind1=" " ind2=" "><marc:subfield code="a">Director of photography, John L. Russell ; music, Jacques Ibert ; film editor, Louis Lindsay.</marc:subfield></marc:datafield><marc:datafield tag="511" ind1="1" ind2=" "><marc:subfield code="a">Orson Welles, Jeanette Nolan, Roddy McDowall, Dan O'Herlihy, Edgar Barrier, Alan Napier.</marc:subfield></marc:datafield><marc:datafield tag="520" ind1=" " ind2=" "><marc:subfield code="a">Eleventh century Scottish nobleman Macbeth is led by an evil prophecy and his ruthless yet desirable wife to the treasonous act that makes him king. But he does not enjoy his newfound, dearly-won kingship.</marc:subfield></marc:datafield><marc:datafield tag="521" ind1="8" ind2=" "><marc:subfield code="a">Rating: Not rated.</marc:subfield></marc:datafield><marc:datafield tag="538" ind1=" " ind2=" "><marc:subfield code="a">DVD, region 1; full screen (1.37:1) presentation; Dolby digital 2.0.</marc:subfield></marc:datafield><marc:datafield tag="600" ind1="0" ind2="0"><marc:subfield code="a">Macbeth,</marc:subfield><marc:subfield code="c">King of Scotland,</marc:subfield><marc:subfield code="d">active 11th century</marc:subfield><marc:subfield code="v">Drama.</marc:subfield></marc:datafield><marc:datafield tag="600" ind1="0" ind2="0"><marc:subfield code="a">Gruoch,</marc:subfield><marc:subfield code="c">Queen, consort of Macbeth, King of Scotland</marc:subfield><marc:subfield code="v">Drama.</marc:subfield></marc:datafield><marc:datafield tag="600" ind1="1" ind2="0"><marc:subfield code="a">Shakespeare, William,</marc:subfield><marc:subfield code="d">1564-1616</marc:subfield><marc:subfield code="v">Film adaptations.</marc:subfield></marc:datafield><marc:datafield tag="651" ind1=" " ind2="0"><marc:subfield code="a">Scotland</marc:subfield><marc:subfield code="x">Kings and rulers</marc:subfield><marc:subfield code="v">Drama.</marc:subfield></marc:datafield><marc:datafield tag="655" ind1=" " ind2="7"><marc:subfield code="a">Shakespeare on film.</marc:subfield><marc:subfield code="2">local</marc:subfield></marc:datafield><marc:datafield tag="655" ind1=" " ind2="7"><marc:subfield code="a">British Literature</marc:subfield><marc:subfield code="x">Adaptations.</marc:subfield><marc:subfield code="2">local</marc:subfield></marc:datafield><marc:datafield tag="655" ind1=" " ind2="7"><marc:subfield code="a">Feature films.</marc:subfield><marc:subfield code="2">lcgft</marc:subfield></marc:datafield><marc:datafield tag="655" ind1=" " ind2="7"><marc:subfield code="a">Film adaptations.</marc:subfield><marc:subfield code="2">lcgft</marc:subfield></marc:datafield><marc:datafield tag="655" ind1=" " ind2="7"><marc:subfield code="a">Fiction films.</marc:subfield><marc:subfield code="2">lcgft</marc:subfield></marc:datafield><marc:datafield tag="655" ind1=" " ind2="7"><marc:subfield code="a">Drama.</marc:subfield><marc:subfield code="2">local</marc:subfield></marc:datafield><marc:datafield tag="691" ind1=" " ind2=" "><marc:subfield code="a">United States.</marc:subfield></marc:datafield><marc:datafield tag="700" ind1="1" ind2=" "><marc:subfield code="a">Feldman, Charles K.,</marc:subfield><marc:subfield code="d">1904-1968.</marc:subfield><marc:subfield code="4">pro</marc:subfield></marc:datafield><marc:datafield tag="700" ind1="1" ind2=" "><marc:subfield code="a">Welles, Orson,</marc:subfield><marc:subfield code="d">1915-1985.</marc:subfield><marc:subfield code="4">drt</marc:subfield><marc:subfield code="4">act</marc:subfield></marc:datafield><marc:datafield tag="700" ind1="1" ind2=" "><marc:subfield code="a">Nolan, Jeanette,</marc:subfield><marc:subfield code="d">1911-1998.</marc:subfield><marc:subfield code="4">act</marc:subfield></marc:datafield><marc:datafield tag="700" ind1="1" ind2=" "><marc:subfield code="a">McDowall, Roddy.</marc:subfield><marc:subfield code="4">act</marc:subfield></marc:datafield><marc:datafield tag="700" ind1="1" ind2=" "><marc:subfield code="a">O'Herlihy, Dan,</marc:subfield><marc:subfield code="d">1919-2005.</marc:subfield><marc:subfield code="4">act</marc:subfield></marc:datafield><marc:datafield tag="700" ind1="1" ind2=" "><marc:subfield code="a">Barrier, Edgar,</marc:subfield><marc:subfield code="d">1907-1964.</marc:subfield><marc:subfield code="4">act</marc:subfield></marc:datafield><marc:datafield tag="700" ind1="1" ind2=" "><marc:subfield code="a">Napier, Alan,</marc:subfield><marc:subfield code="d">1903-1988.</marc:subfield><marc:subfield code="4">act</marc:subfield></marc:datafield><marc:datafield tag="700" ind1="1" ind2=" "><marc:subfield code="a">Sanford, Erskine,</marc:subfield><marc:subfield code="d">1885-1969.</marc:subfield><marc:subfield code="4">act</marc:subfield></marc:datafield><marc:datafield tag="700" ind1="1" ind2=" "><marc:subfield code="a">Russell, John L.,</marc:subfield><marc:subfield code="c">A.S.C.</marc:subfield><marc:subfield code="4">cng</marc:subfield></marc:datafield><marc:datafield tag="700" ind1="1" ind2=" "><marc:subfield code="a">Ibert, Jacques,</marc:subfield><marc:subfield code="d">1890-1962.</marc:subfield><marc:subfield code="4">cmp</marc:subfield></marc:datafield><marc:datafield tag="700" ind1="1" ind2=" "><marc:subfield code="a">Lindsay, Louis.</marc:subfield><marc:subfield code="4">flm</marc:subfield></marc:datafield><marc:datafield tag="700" ind1="1" ind2=" "><marc:subfield code="a">Shakespeare, William,</marc:subfield><marc:subfield code="d">1564-1616.</marc:subfield><marc:subfield code="t">Macbeth.</marc:subfield></marc:datafield><marc:datafield tag="710" ind1="2" ind2=" "><marc:subfield code="a">Republic Pictures Corporation.</marc:subfield></marc:datafield><marc:datafield tag="710" ind1="2" ind2=" "><marc:subfield code="a">Mercury Productions.</marc:subfield></marc:datafield><marc:datafield tag="710" ind1="2" ind2=" "><marc:subfield code="a">Olive Films.</marc:subfield></marc:datafield><marc:datafield tag="907" ind1=" " ind2=" "><marc:subfield code="a">b7634652</marc:subfield></marc:datafield><marc:datafield tag="919" ind1=" " ind2=" "><marc:subfield code="t">Macbeth Related</marc:subfield></marc:datafield><marc:datafield tag="999" ind1="9" ind2="1"><marc:subfield code="i">i10196872</marc:subfield><marc:subfield code="l">uldag</marc:subfield><marc:subfield code="s">-</marc:subfield><marc:subfield code="t">60</marc:subfield><marc:subfield code="c">2</marc:subfield><marc:subfield code="o">4</marc:subfield><marc:subfield code="b">00045227805</marc:subfield><marc:subfield code="p">099#9</marc:subfield><marc:subfield code="q">|a65-DVD17040</marc:subfield></marc:datafield><marc:datafield tag="999" ind1="9" ind2="1"><marc:subfield code="i">i10196871</marc:subfield><marc:subfield code="l">uldal</marc:subfield><marc:subfield code="s">o</marc:subfield><marc:subfield code="t">60</marc:subfield><marc:subfield code="c">1</marc:subfield><marc:subfield code="o">0</marc:subfield><marc:subfield code="b">00045227761</marc:subfield><marc:subfield code="p">099#9</marc:subfield><marc:subfield code="q">|a65-DVD17040</marc:subfield></marc:datafield><marc:datafield tag="999" ind1="0" ind2="0"><marc:subfield code="a">2014-01-16 00:00:00-05</marc:subfield><marc:subfield code="c">2013-12-05 14:04:00-05</marc:subfield><marc:subfield code="u">2014-03-30 13:30:41-04</marc:subfield></marc:datafield></marc:record>