
<marc:record><marc:leader>02118cjm a2200469Ia 4500</marc:leader>
<marc:controlfield tag="007">sd fsngnnmlnee</marc:controlfield>
<marc:controlfield tag="008">010910r1996uuuugw opnn           n ita d</marc:controlfield><marc:controlfield tag="001">754455119</marc:controlfield><marc:controlfield tag="003">OCoLC</marc:controlfield><marc:controlfield tag="005">20131219102303.0</marc:controlfield><marc:datafield tag="028" ind1="0" ind2="2"><marc:subfield code="a">449 732-2</marc:subfield><marc:subfield code="b">Deutsche Grammophon</marc:subfield><marc:subfield code="q">(set)</marc:subfield></marc:datafield><marc:datafield tag="028" ind1="0" ind2="0"><marc:subfield code="a">449 733-2</marc:subfield><marc:subfield code="b">Deutsche Grammophon</marc:subfield><marc:subfield code="q">(disc 1)</marc:subfield></marc:datafield><marc:datafield tag="028" ind1="0" ind2="0"><marc:subfield code="a">449 734-2</marc:subfield><marc:subfield code="b">Deutsche Grammophon</marc:subfield><marc:subfield code="q">(disc 2)</marc:subfield></marc:datafield><marc:datafield tag="035" ind1=" " ind2=" "><marc:subfield code="a">(OCoLC)754455119</marc:subfield></marc:datafield><marc:datafield tag="040" ind1=" " ind2=" "><marc:subfield code="a">UKBOR</marc:subfield><marc:subfield code="b">eng</marc:subfield><marc:subfield code="c">UKBOR</marc:subfield><marc:subfield code="d">OCLCQ</marc:subfield><marc:subfield code="d">NOC</marc:subfield></marc:datafield><marc:datafield tag="049" ind1=" " ind2=" "><marc:subfield code="a">NODP</marc:subfield></marc:datafield><marc:datafield tag="100" ind1="1" ind2=" "><marc:subfield code="a">Verdi, Giuseppe,</marc:subfield><marc:subfield code="d">1813-1901,</marc:subfield><marc:subfield code="e">composer.</marc:subfield></marc:datafield><marc:datafield tag="245" ind1="1" ind2="0"><marc:subfield code="a">Macbeth</marc:subfield><marc:subfield code="h">[sound recording] /</marc:subfield><marc:subfield code="c">Giuseppe Verdi.</marc:subfield></marc:datafield><marc:datafield tag="260" ind1=" " ind2=" "><marc:subfield code="a">[Germany] :</marc:subfield><marc:subfield code="b">Deutsche Grammophon ;</marc:subfield><marc:subfield code="a">Hamburg :</marc:subfield><marc:subfield code="b">Polydor International GmbH,</marc:subfield><marc:subfield code="c">[1996?], ℗1976.</marc:subfield></marc:datafield><marc:datafield tag="300" ind1=" " ind2=" "><marc:subfield code="a">2 audio discs :</marc:subfield><marc:subfield code="b">digital, stereo ;</marc:subfield><marc:subfield code="c">4 3/4 in.</marc:subfield></marc:datafield><marc:datafield tag="500" ind1=" " ind2=" "><marc:subfield code="a">Libretto by Francesco Maria Piave.</marc:subfield></marc:datafield><marc:datafield tag="500" ind1=" " ind2=" "><marc:subfield code="a">Reissue.</marc:subfield></marc:datafield><marc:datafield tag="500" ind1=" " ind2=" "><marc:subfield code="a">Compact discs.</marc:subfield></marc:datafield><marc:datafield tag="500" ind1=" " ind2=" "><marc:subfield code="a">Essays, synopsis, and libretto in Italian with English translations (54 pages) laid in container.</marc:subfield></marc:datafield><marc:datafield tag="511" ind1="0" ind2=" "><marc:subfield code="a">Shirley Verrett (Lady Macbeth), mezzo-soprano; Placido Domingo (Macduff), tenor; Piero Cappuccilli (Macbeth), Nicolai Ghiaurov (Banco), baritones; additional soloists; Chorus and Orchestra of La Scala, Milan; Claudio Abbado, conductor.</marc:subfield></marc:datafield><marc:datafield tag="518" ind1=" " ind2=" "><marc:subfield code="a">Recorded at the Centro Telecinematografico Culturale, 1976.</marc:subfield></marc:datafield><marc:datafield tag="546" ind1=" " ind2=" "><marc:subfield code="a">Opera in four acts; sung in Italian.</marc:subfield></marc:datafield><marc:datafield tag="600" ind1="0" ind2="0"><marc:subfield code="a">Macbeth,</marc:subfield><marc:subfield code="c">King of Scotland,</marc:subfield><marc:subfield code="d">active 11th century</marc:subfield><marc:subfield code="v">Drama.</marc:subfield></marc:datafield><marc:datafield tag="655" ind1=" " ind2="7"><marc:subfield code="a">Operas.</marc:subfield><marc:subfield code="2">lcgft</marc:subfield></marc:datafield><marc:datafield tag="700" ind1="1" ind2=" "><marc:subfield code="a">Piave, Francesco Maria,</marc:subfield><marc:subfield code="d">1810-1876,</marc:subfield><marc:subfield code="e">librettist.</marc:subfield></marc:datafield><marc:datafield tag="700" ind1="1" ind2=" "><marc:subfield code="a">Verrett, Shirley,</marc:subfield><marc:subfield code="e">singer.</marc:subfield></marc:datafield><marc:datafield tag="700" ind1="1" ind2=" "><marc:subfield code="a">Domingo, Plácido,</marc:subfield><marc:subfield code="d">1941-</marc:subfield><marc:subfield code="e">singer.</marc:subfield></marc:datafield><marc:datafield tag="700" ind1="1" ind2=" "><marc:subfield code="a">Cappuccilli, Piero,</marc:subfield><marc:subfield code="e">singer.</marc:subfield></marc:datafield><marc:datafield tag="700" ind1="1" ind2=" "><marc:subfield code="a">Ghiaurov, Nicolai,</marc:subfield><marc:subfield code="d">1929-2004,</marc:subfield><marc:subfield code="e">singer.</marc:subfield></marc:datafield><marc:datafield tag="700" ind1="1" ind2=" "><marc:subfield code="a">Abbado, Claudio,</marc:subfield><marc:subfield code="e">conductor.</marc:subfield></marc:datafield><marc:datafield tag="700" ind1="1" ind2=" "><marc:subfield code="a">Shakespeare, William,</marc:subfield><marc:subfield code="d">1564-1616.</marc:subfield><marc:subfield code="t">Macbeth.</marc:subfield></marc:datafield><marc:datafield tag="710" ind1="2" ind2=" "><marc:subfield code="a">Teatro alla Scala,</marc:subfield><marc:subfield code="e">performer.</marc:subfield></marc:datafield><marc:datafield tag="830" ind1=" " ind2="0"><marc:subfield code="a">Originals (Hamburg, Germany)</marc:subfield></marc:datafield><marc:datafield tag="907" ind1=" " ind2=" "><marc:subfield code="a">b7642943</marc:subfield></marc:datafield><marc:datafield tag="919" ind1=" " ind2=" "><marc:subfield code="t">Macbeth Related</marc:subfield></marc:datafield><marc:datafield tag="999" ind1="9" ind2="1"><marc:subfield code="i">i10178265</marc:subfield><marc:subfield code="l">mmdd</marc:subfield><marc:subfield code="s">-</marc:subfield><marc:subfield code="t">50</marc:subfield><marc:subfield code="c">1</marc:subfield><marc:subfield code="o">0</marc:subfield><marc:subfield code="b">00047204808</marc:subfield><marc:subfield code="p">099#9</marc:subfield><marc:subfield code="q">|aCD-27,030</marc:subfield></marc:datafield><marc:datafield tag="999" ind1="0" ind2="0"><marc:subfield code="a">2013-12-19 00:00:00-05</marc:subfield><marc:subfield code="c">2013-12-19 10:23:05-05</marc:subfield><marc:subfield code="u">2016-10-23 07:09:03-04</marc:subfield></marc:datafield></marc:record>