
<marc:record><marc:leader>06648cgm a2201333Ii 4500</marc:leader>
<marc:controlfield tag="007">vd cvaizq</marc:controlfield>
<marc:controlfield tag="008">160125p20162015cau113 e          vleng d</marc:controlfield><marc:controlfield tag="001">935951181</marc:controlfield><marc:controlfield tag="003">OCoLC</marc:controlfield><marc:controlfield tag="005">20160330045118.0</marc:controlfield><marc:datafield tag="024" ind1="1" ind2=" "><marc:subfield code="a">013132622545</marc:subfield></marc:datafield><marc:datafield tag="028" ind1="4" ind2="2"><marc:subfield code="a">WC62254</marc:subfield><marc:subfield code="b">Anchor Bay Entertainment</marc:subfield></marc:datafield><marc:datafield tag="029" ind1="1" ind2=" "><marc:subfield code="a">NZ1</marc:subfield><marc:subfield code="b">16247866</marc:subfield></marc:datafield><marc:datafield tag="035" ind1=" " ind2=" "><marc:subfield code="a">(OCoLC)935951181</marc:subfield></marc:datafield><marc:datafield tag="040" ind1=" " ind2=" "><marc:subfield code="a">TEFMT</marc:subfield><marc:subfield code="b">eng</marc:subfield><marc:subfield code="e">rda</marc:subfield><marc:subfield code="c">TEFMT</marc:subfield><marc:subfield code="d">TEF</marc:subfield><marc:subfield code="d">OCLCO</marc:subfield><marc:subfield code="d">TEFMT</marc:subfield><marc:subfield code="d">OCLCO</marc:subfield><marc:subfield code="d">NZUPM</marc:subfield><marc:subfield code="d">GK8</marc:subfield><marc:subfield code="d">OCLCO</marc:subfield><marc:subfield code="d">MR0</marc:subfield><marc:subfield code="d">WIM</marc:subfield><marc:subfield code="d">OCLCO</marc:subfield><marc:subfield code="d">OVY</marc:subfield><marc:subfield code="d">TXI</marc:subfield><marc:subfield code="d">OCLCF</marc:subfield><marc:subfield code="d">NOC</marc:subfield></marc:datafield><marc:datafield tag="041" ind1="1" ind2=" "><marc:subfield code="a">eng</marc:subfield><marc:subfield code="j">eng</marc:subfield><marc:subfield code="j">spa</marc:subfield><marc:subfield code="h">eng</marc:subfield></marc:datafield><marc:datafield tag="043" ind1=" " ind2=" "><marc:subfield code="a">e-uk-st</marc:subfield></marc:datafield><marc:datafield tag="049" ind1=" " ind2=" "><marc:subfield code="a">NOC3</marc:subfield><marc:subfield code="a">[Digital][Video][Disc]NOC3</marc:subfield></marc:datafield><marc:datafield tag="050" ind1=" " ind2="4"><marc:subfield code="a">PN1997.2</marc:subfield><marc:subfield code="b">.M33 2016</marc:subfield></marc:datafield><marc:datafield tag="082" ind1="0" ind2="4"><marc:subfield code="a">791.43/72</marc:subfield><marc:subfield code="2">23</marc:subfield></marc:datafield><marc:datafield tag="130" ind1="0" ind2=" "><marc:subfield code="a">Macbeth (Motion picture : 2015 : Justin Kurzel)</marc:subfield></marc:datafield><marc:datafield tag="245" ind1="0" ind2="0"><marc:subfield code="a">Macbeth /</marc:subfield><marc:subfield code="c">The Weinstein Company and RADiUS-TWC present ; StudioCanal and Film4 present in association with DMC Film, Anton Capital Entertainment S.C.A. and Creative Scotland ; a See-Saw Films production ; directed by Justin Kurzel ; screenplay by Todd Louiso &amp; Jacob Koskoff and Michael Lesslie ; produced by Iain Canning, Emile Sherman, Laura Hastings-Smith ; executive producers, Tessa Ross, Olivier Courson, Danny Perkins, Jenny Borgars ; executive producers, Bob Weinstein, Harvey Weinstein ; a film by Justin Kurzel.</marc:subfield></marc:datafield><marc:datafield tag="264" ind1=" " ind2="1"><marc:subfield code="a">Beverly Hills, CA :</marc:subfield><marc:subfield code="b">Anchor Bay Entertainment,</marc:subfield><marc:subfield code="c">[2016]</marc:subfield></marc:datafield><marc:datafield tag="300" ind1=" " ind2=" "><marc:subfield code="a">1 videodisc (113 min.) :</marc:subfield><marc:subfield code="b">sound, color ;</marc:subfield><marc:subfield code="c">4 3/4 in.</marc:subfield></marc:datafield><marc:datafield tag="336" ind1=" " ind2=" "><marc:subfield code="a">two-dimensional moving image</marc:subfield><marc:subfield code="b">tdi</marc:subfield><marc:subfield code="2">rdacontent</marc:subfield></marc:datafield><marc:datafield tag="337" ind1=" " ind2=" "><marc:subfield code="a">video</marc:subfield><marc:subfield code="b">v</marc:subfield><marc:subfield code="2">rdamedia</marc:subfield></marc:datafield><marc:datafield tag="338" ind1=" " ind2=" "><marc:subfield code="a">videodisc</marc:subfield><marc:subfield code="b">vd</marc:subfield><marc:subfield code="2">rdacarrier</marc:subfield></marc:datafield><marc:datafield tag="340" ind1=" " ind2=" "><marc:subfield code="a">DVD video</marc:subfield><marc:subfield code="b">4 3/4 in.</marc:subfield><marc:subfield code="2">rda</marc:subfield></marc:datafield><marc:datafield tag="344" ind1=" " ind2=" "><marc:subfield code="a">digital</marc:subfield><marc:subfield code="b">optical</marc:subfield><marc:subfield code="g">5.1 surround</marc:subfield><marc:subfield code="h">Dolby digital</marc:subfield><marc:subfield code="2">rda</marc:subfield></marc:datafield><marc:datafield tag="345" ind1=" " ind2=" "><marc:subfield code="a">anamorphic widescreen (2.39:1)</marc:subfield><marc:subfield code="2">rda</marc:subfield></marc:datafield><marc:datafield tag="346" ind1=" " ind2=" "><marc:subfield code="a">DVD-video</marc:subfield><marc:subfield code="b">NTSC</marc:subfield><marc:subfield code="2">rda</marc:subfield></marc:datafield><marc:datafield tag="347" ind1=" " ind2=" "><marc:subfield code="a">video file</marc:subfield><marc:subfield code="b">DVD video</marc:subfield><marc:subfield code="e">region 1</marc:subfield><marc:subfield code="2">rda</marc:subfield></marc:datafield><marc:datafield tag="380" ind1=" " ind2=" "><marc:subfield code="a">Motion picture.</marc:subfield></marc:datafield><marc:datafield tag="500" ind1=" " ind2=" "><marc:subfield code="a">Based on the play by William Shakespeare.</marc:subfield></marc:datafield><marc:datafield tag="500" ind1=" " ind2=" "><marc:subfield code="a">DVD release of the 2015 motion picture.</marc:subfield></marc:datafield><marc:datafield tag="500" ind1=" " ind2=" "><marc:subfield code="a">Widescreen.</marc:subfield></marc:datafield><marc:datafield tag="500" ind1=" " ind2=" "><marc:subfield code="a">Bonus features: Making Macbeth (8 min. making-of featurette); Q&amp;A with Michael Fassbender.</marc:subfield></marc:datafield><marc:datafield tag="508" ind1=" " ind2=" "><marc:subfield code="a">Director of photography, Adam Arkapaw ; production designer, Fiona Crombie ; editor, Chris Dickens ; composer, Jed Kurzel ; costume designer, Jacqueline Durran.</marc:subfield></marc:datafield><marc:datafield tag="511" ind1="1" ind2=" "><marc:subfield code="a">Michael Fassbender, Marion Cotillard, Paddy Considine, Sean Harris, Jack Reynor, Elizabeth Debicki, David Thewlis, David Hayman, Maurice Roëves, Ross Anderson, James Harkness.</marc:subfield></marc:datafield><marc:datafield tag="520" ind1=" " ind2=" "><marc:subfield code="a">A thrilling interpretation of one of Shakespeare's most famous and compelling characters, Macbeth is a dramatic re-imagining of the realities of war-torn times and a tale of all-consuming passion and ambition.</marc:subfield></marc:datafield><marc:datafield tag="521" ind1="8" ind2=" "><marc:subfield code="a">MPAA rating: R; for strong violence and brief sexuality.</marc:subfield></marc:datafield><marc:datafield tag="538" ind1=" " ind2=" "><marc:subfield code="a">DVD ; NTSC, region 1 ; anamorphic widescreen (2.39:1) presentation ; Dolby digital 5.1 surround.</marc:subfield></marc:datafield><marc:datafield tag="546" ind1=" " ind2=" "><marc:subfield code="a">In English, with optional subtitles in English or Spanish; Closed-captioned.</marc:subfield></marc:datafield><marc:datafield tag="600" ind1="0" ind2="0"><marc:subfield code="a">Macbeth,</marc:subfield><marc:subfield code="c">King of Scotland,</marc:subfield><marc:subfield code="d">active 11th century</marc:subfield><marc:subfield code="v">Drama.</marc:subfield></marc:datafield><marc:datafield tag="600" ind1="0" ind2="0"><marc:subfield code="a">Gruoch,</marc:subfield><marc:subfield code="c">Queen, consort of Macbeth, King of Scotland</marc:subfield><marc:subfield code="v">Drama.</marc:subfield></marc:datafield><marc:datafield tag="600" ind1="0" ind2="7"><marc:subfield code="a">Gruoch,</marc:subfield><marc:subfield code="c">Queen, consort of Macbeth, King of Scotland.</marc:subfield><marc:subfield code="2">fast</marc:subfield><marc:subfield code="0">(OCoLC)fst00046383</marc:subfield></marc:datafield><marc:datafield tag="600" ind1="0" ind2="7"><marc:subfield code="a">Macbeth,</marc:subfield><marc:subfield code="c">King of Scotland,</marc:subfield><marc:subfield code="d">active 11th century.</marc:subfield><marc:subfield code="2">fast</marc:subfield><marc:subfield code="0">(OCoLC)fst01831984</marc:subfield></marc:datafield><marc:datafield tag="650" ind1=" " ind2="0"><marc:subfield code="a">Regicides</marc:subfield><marc:subfield code="v">Drama.</marc:subfield></marc:datafield><marc:datafield tag="650" ind1=" " ind2="7"><marc:subfield code="a">Kings and rulers.</marc:subfield><marc:subfield code="2">fast</marc:subfield><marc:subfield code="0">(OCoLC)fst00987694</marc:subfield></marc:datafield><marc:datafield tag="650" ind1=" " ind2="7"><marc:subfield code="a">Regicides.</marc:subfield><marc:subfield code="2">fast</marc:subfield><marc:subfield code="0">(OCoLC)fst01093065</marc:subfield></marc:datafield><marc:datafield tag="651" ind1=" " ind2="0"><marc:subfield code="a">Scotland</marc:subfield><marc:subfield code="x">Kings and rulers</marc:subfield><marc:subfield code="v">Drama.</marc:subfield></marc:datafield><marc:datafield tag="651" ind1=" " ind2="7"><marc:subfield code="a">Scotland.</marc:subfield><marc:subfield code="2">fast</marc:subfield><marc:subfield code="0">(OCoLC)fst01206715</marc:subfield></marc:datafield><marc:datafield tag="655" ind1=" " ind2="7"><marc:subfield code="a">Film adaptations.</marc:subfield><marc:subfield code="2">lcgft</marc:subfield></marc:datafield><marc:datafield tag="655" ind1=" " ind2="7"><marc:subfield code="a">Fiction films.</marc:subfield><marc:subfield code="2">lcgft</marc:subfield></marc:datafield><marc:datafield tag="655" ind1=" " ind2="7"><marc:subfield code="a">Feature films.</marc:subfield><marc:subfield code="2">lcgft</marc:subfield></marc:datafield><marc:datafield tag="655" ind1=" " ind2="7"><marc:subfield code="a">War films.</marc:subfield><marc:subfield code="2">lcgft</marc:subfield></marc:datafield><marc:datafield tag="655" ind1=" " ind2="7"><marc:subfield code="a">Video recordings for the hearing impaired.</marc:subfield><marc:subfield code="2">lcgft</marc:subfield></marc:datafield><marc:datafield tag="655" ind1=" " ind2="7"><marc:subfield code="a">Drama.</marc:subfield><marc:subfield code="2">fast</marc:subfield><marc:subfield code="0">(OCoLC)fst01423879</marc:subfield></marc:datafield><marc:datafield tag="655" ind1=" " ind2="7"><marc:subfield code="a">Feature films.</marc:subfield><marc:subfield code="2">fast</marc:subfield><marc:subfield code="0">(OCoLC)fst01710384</marc:subfield></marc:datafield><marc:datafield tag="655" ind1=" " ind2="7"><marc:subfield code="a">Fiction films.</marc:subfield><marc:subfield code="2">fast</marc:subfield><marc:subfield code="0">(OCoLC)fst01710264</marc:subfield></marc:datafield><marc:datafield tag="655" ind1=" " ind2="7"><marc:subfield code="a">Film adaptations.</marc:subfield><marc:subfield code="2">fast</marc:subfield><marc:subfield code="0">(OCoLC)fst01710491</marc:subfield></marc:datafield><marc:datafield tag="655" ind1=" " ind2="7"><marc:subfield code="a">Video recordings for the hearing impaired.</marc:subfield><marc:subfield code="2">fast</marc:subfield><marc:subfield code="0">(OCoLC)fst01710450</marc:subfield></marc:datafield><marc:datafield tag="655" ind1=" " ind2="7"><marc:subfield code="a">British Literature</marc:subfield><marc:subfield code="x">Adaptations.</marc:subfield><marc:subfield code="2">local</marc:subfield></marc:datafield><marc:datafield tag="655" ind1=" " ind2="7"><marc:subfield code="a">Drama.</marc:subfield><marc:subfield code="2">local</marc:subfield></marc:datafield><marc:datafield tag="655" ind1=" " ind2="7"><marc:subfield code="a">Shakespeare on film.</marc:subfield><marc:subfield code="2">local</marc:subfield></marc:datafield><marc:datafield tag="655" ind1=" " ind2="7"><marc:subfield code="a">War Movies.</marc:subfield><marc:subfield code="2">local</marc:subfield></marc:datafield><marc:datafield tag="655" ind1=" " ind2="7"><marc:subfield code="a">Foreign films</marc:subfield><marc:subfield code="z">Great Britain.</marc:subfield><marc:subfield code="2">local</marc:subfield></marc:datafield><marc:datafield tag="655" ind1=" " ind2="7"><marc:subfield code="a">British Cinema.</marc:subfield><marc:subfield code="2">local</marc:subfield></marc:datafield><marc:datafield tag="691" ind1=" " ind2=" "><marc:subfield code="a">Great Britain.</marc:subfield></marc:datafield><marc:datafield tag="700" ind1="1" ind2=" "><marc:subfield code="a">Kurzel, Justin,</marc:subfield><marc:subfield code="e">film director.</marc:subfield></marc:datafield><marc:datafield tag="700" ind1="1" ind2=" "><marc:subfield code="a">Louiso, Todd,</marc:subfield><marc:subfield code="e">screenwriter.</marc:subfield></marc:datafield><marc:datafield tag="700" ind1="1" ind2=" "><marc:subfield code="a">Koskoff, Jacob,</marc:subfield><marc:subfield code="e">screenwriter.</marc:subfield></marc:datafield><marc:datafield tag="700" ind1="1" ind2=" "><marc:subfield code="a">Lesslie, Michael,</marc:subfield><marc:subfield code="e">screenwriter.</marc:subfield></marc:datafield><marc:datafield tag="700" ind1="1" ind2=" "><marc:subfield code="a">Canning, Iain,</marc:subfield><marc:subfield code="e">film producer.</marc:subfield></marc:datafield><marc:datafield tag="700" ind1="1" ind2=" "><marc:subfield code="a">Sherman, Emile,</marc:subfield><marc:subfield code="e">film producer.</marc:subfield></marc:datafield><marc:datafield tag="700" ind1="1" ind2=" "><marc:subfield code="a">Hastings-Smith, Laura,</marc:subfield><marc:subfield code="e">film producer.</marc:subfield></marc:datafield><marc:datafield tag="700" ind1="1" ind2=" "><marc:subfield code="a">Ross, Tessa,</marc:subfield><marc:subfield code="e">film producer.</marc:subfield></marc:datafield><marc:datafield tag="700" ind1="1" ind2=" "><marc:subfield code="a">Courson, Olivier,</marc:subfield><marc:subfield code="e">film producer.</marc:subfield></marc:datafield><marc:datafield tag="700" ind1="1" ind2=" "><marc:subfield code="a">Perkins, Danny,</marc:subfield><marc:subfield code="e">film producer.</marc:subfield></marc:datafield><marc:datafield tag="700" ind1="1" ind2=" "><marc:subfield code="a">Borgars, Jenny,</marc:subfield><marc:subfield code="e">film producer.</marc:subfield></marc:datafield><marc:datafield tag="700" ind1="1" ind2=" "><marc:subfield code="a">Weinstein, Bob,</marc:subfield><marc:subfield code="d">1953-</marc:subfield><marc:subfield code="e">film producer.</marc:subfield></marc:datafield><marc:datafield tag="700" ind1="1" ind2=" "><marc:subfield code="a">Weinstein, Harvey,</marc:subfield><marc:subfield code="d">1952-</marc:subfield><marc:subfield code="e">film producer.</marc:subfield></marc:datafield><marc:datafield tag="700" ind1="1" ind2=" "><marc:subfield code="a">Fassbender, Michael,</marc:subfield><marc:subfield code="d">1977-</marc:subfield><marc:subfield code="e">actor.</marc:subfield></marc:datafield><marc:datafield tag="700" ind1="1" ind2=" "><marc:subfield code="a">Cotillard, Marion,</marc:subfield><marc:subfield code="d">1975-</marc:subfield><marc:subfield code="e">actor.</marc:subfield></marc:datafield><marc:datafield tag="700" ind1="1" ind2=" "><marc:subfield code="a">Considine, Paddy,</marc:subfield><marc:subfield code="e">actor.</marc:subfield></marc:datafield><marc:datafield tag="700" ind1="1" ind2=" "><marc:subfield code="a">Harris, Sean,</marc:subfield><marc:subfield code="d">1966-</marc:subfield><marc:subfield code="e">actor.</marc:subfield></marc:datafield><marc:datafield tag="700" ind1="1" ind2=" "><marc:subfield code="a">Reynor, Jack,</marc:subfield><marc:subfield code="d">1992-</marc:subfield><marc:subfield code="e">actor.</marc:subfield></marc:datafield><marc:datafield tag="700" ind1="1" ind2=" "><marc:subfield code="a">Debicki, Elizabeth,</marc:subfield><marc:subfield code="e">actor.</marc:subfield></marc:datafield><marc:datafield tag="700" ind1="1" ind2=" "><marc:subfield code="a">Thewlis, David,</marc:subfield><marc:subfield code="d">1963-</marc:subfield><marc:subfield code="e">actor.</marc:subfield></marc:datafield><marc:datafield tag="700" ind1="1" ind2=" "><marc:subfield code="a">Hayman, David,</marc:subfield><marc:subfield code="d">1950-</marc:subfield><marc:subfield code="e">actor.</marc:subfield></marc:datafield><marc:datafield tag="700" ind1="1" ind2=" "><marc:subfield code="a">Roëves, Maurice,</marc:subfield><marc:subfield code="e">actor.</marc:subfield></marc:datafield><marc:datafield tag="700" ind1="1" ind2=" "><marc:subfield code="a">Anderson, Ross</marc:subfield><marc:subfield code="c">(Actor),</marc:subfield><marc:subfield code="e">actor.</marc:subfield></marc:datafield><marc:datafield tag="700" ind1="1" ind2=" "><marc:subfield code="a">Harkness, James,</marc:subfield><marc:subfield code="e">actor.</marc:subfield></marc:datafield><marc:datafield tag="700" ind1="1" ind2=" "><marc:subfield code="a">Arkapaw, Adam,</marc:subfield><marc:subfield code="e">director of photography.</marc:subfield></marc:datafield><marc:datafield tag="700" ind1="1" ind2=" "><marc:subfield code="a">Crombie, Fiona,</marc:subfield><marc:subfield code="e">production designer.</marc:subfield></marc:datafield><marc:datafield tag="700" ind1="1" ind2=" "><marc:subfield code="a">Dickens, Chris</marc:subfield><marc:subfield code="c">(Film editor),</marc:subfield><marc:subfield code="e">editor of moving image work.</marc:subfield></marc:datafield><marc:datafield tag="700" ind1="1" ind2=" "><marc:subfield code="a">Kurzel, Jed,</marc:subfield><marc:subfield code="e">composer (expression)</marc:subfield></marc:datafield><marc:datafield tag="700" ind1="1" ind2=" "><marc:subfield code="a">Durran, Jacqueline,</marc:subfield><marc:subfield code="e">costume designer.</marc:subfield></marc:datafield><marc:datafield tag="700" ind1="1" ind2=" "><marc:subfield code="i">Motion picture adaptation of (work):</marc:subfield><marc:subfield code="a">Shakespeare, William,</marc:subfield><marc:subfield code="d">1564-1616.</marc:subfield><marc:subfield code="t">Macbeth.</marc:subfield></marc:datafield><marc:datafield tag="710" ind1="2" ind2=" "><marc:subfield code="a">Weinstein Company,</marc:subfield><marc:subfield code="e">presenter.</marc:subfield></marc:datafield><marc:datafield tag="710" ind1="2" ind2=" "><marc:subfield code="a">RADiUS TWC (Firm),</marc:subfield><marc:subfield code="e">presenter.</marc:subfield></marc:datafield><marc:datafield tag="710" ind1="2" ind2=" "><marc:subfield code="a">Studio Canal,</marc:subfield><marc:subfield code="e">presenter.</marc:subfield></marc:datafield><marc:datafield tag="710" ind1="2" ind2=" "><marc:subfield code="a">FilmFour (Firm),</marc:subfield><marc:subfield code="e">presenter.</marc:subfield></marc:datafield><marc:datafield tag="710" ind1="2" ind2=" "><marc:subfield code="a">DMC Film,</marc:subfield><marc:subfield code="e">presenter.</marc:subfield></marc:datafield><marc:datafield tag="710" ind1="2" ind2=" "><marc:subfield code="a">Anton Capital Entertainment (Firm),</marc:subfield><marc:subfield code="e">presenter.</marc:subfield></marc:datafield><marc:datafield tag="710" ind1="2" ind2=" "><marc:subfield code="a">Creative Scotland (Organization),</marc:subfield><marc:subfield code="e">presenter.</marc:subfield></marc:datafield><marc:datafield tag="710" ind1="2" ind2=" "><marc:subfield code="a">See-Saw Films,</marc:subfield><marc:subfield code="e">production company.</marc:subfield></marc:datafield><marc:datafield tag="710" ind1="2" ind2=" "><marc:subfield code="a">Anchor Bay Entertainment, Inc.,</marc:subfield><marc:subfield code="e">publisher.</marc:subfield></marc:datafield><marc:datafield tag="730" ind1="0" ind2=" "><marc:subfield code="a">Macbeth (Motion picture : 2015)</marc:subfield></marc:datafield><marc:datafield tag="907" ind1=" " ind2=" "><marc:subfield code="a">b8435513</marc:subfield></marc:datafield><marc:datafield tag="919" ind1=" " ind2=" "><marc:subfield code="t">Macbeth Related</marc:subfield></marc:datafield><marc:datafield tag="999" ind1="9" ind2="1"><marc:subfield code="i">i10979971</marc:subfield><marc:subfield code="l">uldag</marc:subfield><marc:subfield code="s">-</marc:subfield><marc:subfield code="t">60</marc:subfield><marc:subfield code="c">2</marc:subfield><marc:subfield code="o">23</marc:subfield><marc:subfield code="b">00050299309</marc:subfield><marc:subfield code="p">099#9</marc:subfield><marc:subfield code="q">|a65-DVD20571</marc:subfield></marc:datafield><marc:datafield tag="999" ind1="9" ind2="1"><marc:subfield code="i">i10979970</marc:subfield><marc:subfield code="l">ulba</marc:subfield><marc:subfield code="s">o</marc:subfield><marc:subfield code="t">82</marc:subfield><marc:subfield code="c">1</marc:subfield><marc:subfield code="o">0</marc:subfield><marc:subfield code="b">00050299292</marc:subfield><marc:subfield code="p">099#9</marc:subfield><marc:subfield code="q">|a65-DVD20571</marc:subfield></marc:datafield><marc:datafield tag="999" ind1="0" ind2="0"><marc:subfield code="a">2016-03-30 00:00:00-04</marc:subfield><marc:subfield code="c">2016-03-08 13:53:00-05</marc:subfield><marc:subfield code="u">2017-09-20 15:06:29-04</marc:subfield></marc:datafield></marc:record>