
<marc:record><marc:leader>01535cam a2200349Ma 4500</marc:leader>
<marc:controlfield tag="008">990503s1867    it            000 d ita d</marc:controlfield>
<marc:controlfield tag="001">881562989</marc:controlfield><marc:controlfield tag="003">OCoLC</marc:controlfield><marc:controlfield tag="005">20160506025756.0</marc:controlfield><marc:datafield tag="035" ind1=" " ind2=" "><marc:subfield code="a">(OCoLC)881562989</marc:subfield></marc:datafield><marc:datafield tag="040" ind1=" " ind2=" "><marc:subfield code="a">HHG</marc:subfield><marc:subfield code="b">eng</marc:subfield><marc:subfield code="c">HHG</marc:subfield><marc:subfield code="d">OCLCO</marc:subfield><marc:subfield code="d">OCLCQ</marc:subfield><marc:subfield code="d">NOC</marc:subfield></marc:datafield><marc:datafield tag="049" ind1=" " ind2=" "><marc:subfield code="a">[Vault]NOCW</marc:subfield></marc:datafield><marc:datafield tag="100" ind1="1" ind2=" "><marc:subfield code="a">Piave, Francesco Maria,</marc:subfield><marc:subfield code="d">1810-1876,</marc:subfield><marc:subfield code="e">librettist.</marc:subfield></marc:datafield><marc:datafield tag="245" ind1="1" ind2="0"><marc:subfield code="a">Macbeth :</marc:subfield><marc:subfield code="b">melodramma in quattro atti /</marc:subfield><marc:subfield code="c">di F.M. Piave ; musica del maestro cav. Giuseppe Verdi ; da rappresentarsi al Teatro Regio di Torino il carnevale 1866-67.</marc:subfield></marc:datafield><marc:datafield tag="260" ind1=" " ind2=" "><marc:subfield code="a">Milano :</marc:subfield><marc:subfield code="b">R. Stabilimento Tito di Gio. Ricordi,</marc:subfield><marc:subfield code="c">[1867]</marc:subfield></marc:datafield><marc:datafield tag="300" ind1=" " ind2=" "><marc:subfield code="a">31 pages ;</marc:subfield><marc:subfield code="c">17 cm</marc:subfield></marc:datafield><marc:datafield tag="336" ind1=" " ind2=" "><marc:subfield code="a">text</marc:subfield><marc:subfield code="b">txt</marc:subfield><marc:subfield code="2">rdacontent</marc:subfield></marc:datafield><marc:datafield tag="337" ind1=" " ind2=" "><marc:subfield code="a">unmediated</marc:subfield><marc:subfield code="b">n</marc:subfield><marc:subfield code="2">rdamedia</marc:subfield></marc:datafield><marc:datafield tag="338" ind1=" " ind2=" "><marc:subfield code="a">volume</marc:subfield><marc:subfield code="b">nc</marc:subfield><marc:subfield code="2">rdacarrier</marc:subfield></marc:datafield><marc:datafield tag="500" ind1=" " ind2=" "><marc:subfield code="a">Libretto by Piave and A. Maffei, after W. Shakespeare.--Grove Music Online, &quot;Verdi, Giuseppe: Works.&quot;</marc:subfield></marc:datafield><marc:datafield tag="500" ind1=" " ind2=" "><marc:subfield code="a">Includes cast list and stage directions.</marc:subfield></marc:datafield><marc:datafield tag="500" ind1=" " ind2=" "><marc:subfield code="a">UNC Italian Opera Libretto Collection.</marc:subfield><marc:subfield code="5">NcU</marc:subfield></marc:datafield><marc:datafield tag="600" ind1="0" ind2="0"><marc:subfield code="a">Macbeth,</marc:subfield><marc:subfield code="c">King of Scotland,</marc:subfield><marc:subfield code="d">active 11th century</marc:subfield><marc:subfield code="v">Drama.</marc:subfield></marc:datafield><marc:datafield tag="650" ind1=" " ind2="0"><marc:subfield code="a">Operas</marc:subfield><marc:subfield code="v">Librettos.</marc:subfield></marc:datafield><marc:datafield tag="655" ind1=" " ind2="7"><marc:subfield code="a">Librettos.</marc:subfield><marc:subfield code="2">lcgft</marc:subfield></marc:datafield><marc:datafield tag="700" ind1="1" ind2=" "><marc:subfield code="i">Libretto for (work):</marc:subfield><marc:subfield code="a">Verdi, Giuseppe,</marc:subfield><marc:subfield code="d">1813-1901.</marc:subfield><marc:subfield code="t">Macbeth.</marc:subfield></marc:datafield><marc:datafield tag="700" ind1="1" ind2=" "><marc:subfield code="i">Opera adaptation of (work):</marc:subfield><marc:subfield code="a">Shakespeare, William,</marc:subfield><marc:subfield code="d">1564-1616.</marc:subfield><marc:subfield code="t">Macbeth.</marc:subfield></marc:datafield><marc:datafield tag="700" ind1="1" ind2=" "><marc:subfield code="a">Maffei, Andrea,</marc:subfield><marc:subfield code="d">1798-1885,</marc:subfield><marc:subfield code="e">librettist.</marc:subfield></marc:datafield><marc:datafield tag="907" ind1=" " ind2=" "><marc:subfield code="a">b8490707</marc:subfield></marc:datafield><marc:datafield tag="919" ind1=" " ind2=" "><marc:subfield code="t">Macbeth Related</marc:subfield></marc:datafield><marc:datafield tag="999" ind1="9" ind2="1"><marc:subfield code="i">i11017669</marc:subfield><marc:subfield code="l">mmra</marc:subfield><marc:subfield code="s">o</marc:subfield><marc:subfield code="t">0</marc:subfield><marc:subfield code="c">1</marc:subfield><marc:subfield code="o">0</marc:subfield><marc:subfield code="p">099#9</marc:subfield><marc:subfield code="q">|aIOLC-01662</marc:subfield></marc:datafield><marc:datafield tag="999" ind1="0" ind2="0"><marc:subfield code="a">2016-05-06 00:00:00-04</marc:subfield><marc:subfield code="c">2016-05-06 14:57:00-04</marc:subfield><marc:subfield code="u">2017-10-23 12:21:32-04</marc:subfield></marc:datafield></marc:record>