
<marc:record><marc:leader>02778ngm a2200589 i 4500</marc:leader>
<marc:controlfield tag="006">m    eo  m</marc:controlfield>
<marc:controlfield tag="007">cr cna|||auuua</marc:controlfield><marc:controlfield tag="007">vz cza|zu</marc:controlfield><marc:controlfield tag="008">170901p20172003pau052        o   vleng d</marc:controlfield><marc:controlfield tag="001">docskdoc00001151</marc:controlfield><marc:controlfield tag="003">CtWfDGI</marc:controlfield><marc:controlfield tag="005">20170919112737.0</marc:controlfield><marc:datafield tag="028" ind1="4" ind2="1"><marc:subfield code="a">bf-mac</marc:subfield><marc:subfield code="b">Docuseek2</marc:subfield></marc:datafield><marc:datafield tag="035" ind1=" " ind2=" "><marc:subfield code="a">(OCoLC)1004237755</marc:subfield></marc:datafield><marc:datafield tag="040" ind1=" " ind2=" "><marc:subfield code="a">CtWfDGI</marc:subfield><marc:subfield code="b">eng</marc:subfield><marc:subfield code="e">rda</marc:subfield><marc:subfield code="c">CtWfDGI</marc:subfield></marc:datafield><marc:datafield tag="050" ind1="1" ind2="4"><marc:subfield code="a">PR2823.A23</marc:subfield><marc:subfield code="b">B85 2017</marc:subfield></marc:datafield><marc:datafield tag="082" ind1="0" ind2="4"><marc:subfield code="a">822.33</marc:subfield><marc:subfield code="2">23</marc:subfield></marc:datafield><marc:datafield tag="245" ind1="0" ind2="0"><marc:subfield code="a">Macbeth /</marc:subfield><marc:subfield code="c">adapted, produced and directed by Eric Weinthal ; narration written by by Eric Weinthal ; produced in association with Bravo! Canada, a division of CHUM Limited ; Eugenie Educational Foundation.</marc:subfield></marc:datafield><marc:datafield tag="264" ind1=" " ind2="1"><marc:subfield code="a">[Oley, Pennsylvania] :</marc:subfield><marc:subfield code="b">[Distributed by] Bullfrog Films,</marc:subfield><marc:subfield code="c">[2017]</marc:subfield></marc:datafield><marc:datafield tag="300" ind1=" " ind2=" "><marc:subfield code="a">1 online resource (1 streaming video file (52 min.)) :</marc:subfield><marc:subfield code="b">sound, color</marc:subfield></marc:datafield><marc:datafield tag="336" ind1=" " ind2=" "><marc:subfield code="a">two-dimensional moving image</marc:subfield><marc:subfield code="b">tdi</marc:subfield><marc:subfield code="2">rdacontent</marc:subfield></marc:datafield><marc:datafield tag="337" ind1=" " ind2=" "><marc:subfield code="a">computer</marc:subfield><marc:subfield code="b">c</marc:subfield><marc:subfield code="2">rdamedia</marc:subfield></marc:datafield><marc:datafield tag="338" ind1=" " ind2=" "><marc:subfield code="a">online resource</marc:subfield><marc:subfield code="b">cr</marc:subfield><marc:subfield code="2">rdacarrier</marc:subfield></marc:datafield><marc:datafield tag="500" ind1=" " ind2=" "><marc:subfield code="a">Based on the play by William Shakespeare.</marc:subfield></marc:datafield><marc:datafield tag="500" ind1=" " ind2=" "><marc:subfield code="a">Originally produced by: Eugenia Educational Foundation, ©2003.</marc:subfield></marc:datafield><marc:datafield tag="506" ind1="1" ind2=" "><marc:subfield code="a">Access limited to UNC Chapel Hill-authenticated users.</marc:subfield><marc:subfield code="f">Unlimited simultaneous users</marc:subfield></marc:datafield><marc:datafield tag="508" ind1=" " ind2=" "><marc:subfield code="a">Director of photography, David J. Patrick ; editor, Ralph Brunjes ; music, Rusty McCarthy.</marc:subfield></marc:datafield><marc:datafield tag="511" ind1="0" ind2=" "><marc:subfield code="a">Narrator, David Fox.</marc:subfield></marc:datafield><marc:datafield tag="511" ind1="1" ind2=" "><marc:subfield code="a">Daniel Kash, Soo Garay, David Fox.</marc:subfield></marc:datafield><marc:datafield tag="520" ind1=" " ind2=" "><marc:subfield code="a">An adaptation of the story of Macbeth with actors/narrators telling the story, commenting on the characters and main issues, and acting out key scenes.</marc:subfield></marc:datafield><marc:datafield tag="521" ind1="2" ind2=" "><marc:subfield code="a">10 and up.</marc:subfield></marc:datafield><marc:datafield tag="588" ind1="0" ind2=" "><marc:subfield code="a">Online resource; title from title frames (Docuseek2, viewed September 1, 2017).</marc:subfield></marc:datafield><marc:datafield tag="588" ind1="0" ind2=" "><marc:subfield code="a">Title from title frames.</marc:subfield></marc:datafield><marc:datafield tag="600" ind1="1" ind2="0"><marc:subfield code="a">Shakespeare, William,</marc:subfield><marc:subfield code="d">1564-1616</marc:subfield><marc:subfield code="v">Film adaptations.</marc:subfield></marc:datafield><marc:datafield tag="600" ind1="1" ind2="0"><marc:subfield code="a">Shakespeare, William,</marc:subfield><marc:subfield code="d">1564-1616</marc:subfield><marc:subfield code="x">Criticism and interpretation.</marc:subfield></marc:datafield><marc:datafield tag="655" ind1=" " ind2="7"><marc:subfield code="a">Documentary films.</marc:subfield><marc:subfield code="2">lcgft</marc:subfield></marc:datafield><marc:datafield tag="655" ind1=" " ind2="7"><marc:subfield code="a">Film adaptations.</marc:subfield><marc:subfield code="2">lcgft</marc:subfield></marc:datafield><marc:datafield tag="700" ind1="1" ind2=" "><marc:subfield code="a">Fox, David,</marc:subfield><marc:subfield code="d">1941-</marc:subfield><marc:subfield code="e">actor,</marc:subfield><marc:subfield code="e">narrator.</marc:subfield></marc:datafield><marc:datafield tag="700" ind1="1" ind2=" "><marc:subfield code="a">Garay, Soo,</marc:subfield><marc:subfield code="e">actor.</marc:subfield></marc:datafield><marc:datafield tag="700" ind1="1" ind2=" "><marc:subfield code="a">Kash, Daniel,</marc:subfield><marc:subfield code="e">actor.</marc:subfield></marc:datafield><marc:datafield tag="700" ind1="1" ind2=" "><marc:subfield code="a">Weinthal, Eric,</marc:subfield><marc:subfield code="e">adapter,</marc:subfield><marc:subfield code="e">film producer,</marc:subfield><marc:subfield code="e">film director,</marc:subfield><marc:subfield code="e">screenwriter.</marc:subfield></marc:datafield><marc:datafield tag="700" ind1="1" ind2=" "><marc:subfield code="i">Adaptation of (work):</marc:subfield><marc:subfield code="a">Shakespeare, William,</marc:subfield><marc:subfield code="d">1564-1616.</marc:subfield><marc:subfield code="t">Macbeth.</marc:subfield></marc:datafield><marc:datafield tag="710" ind1="2" ind2=" "><marc:subfield code="a">Bravo! (Television network)</marc:subfield></marc:datafield><marc:datafield tag="710" ind1="2" ind2=" "><marc:subfield code="a">Bullfrog Films.</marc:subfield></marc:datafield><marc:datafield tag="710" ind1="2" ind2=" "><marc:subfield code="a">Eugenia Educational Foundation (Firm)</marc:subfield></marc:datafield><marc:datafield tag="773" ind1="0" ind2=" "><marc:subfield code="t">Docuseek2 (online collection)</marc:subfield></marc:datafield><marc:datafield tag="830" ind1=" " ind2="0"><marc:subfield code="a">Taste of Shakespeare.</marc:subfield></marc:datafield><marc:datafield tag="856" ind1="4" ind2="0"><marc:subfield code="u">http://libproxy.lib.unc.edu/login?url=http://docuseek2.com/v/a/8gd3</marc:subfield><marc:subfield code="y">Streaming video available via the UNC-Chapel Hill Libraries</marc:subfield><marc:subfield code="x">Docuseek2</marc:subfield></marc:datafield><marc:datafield tag="919" ind1=" " ind2=" "><marc:subfield code="t">Macbeth Related</marc:subfield></marc:datafield><marc:datafield tag="919" ind1=" " ind2=" "><marc:subfield code="a">filmfinder</marc:subfield></marc:datafield><marc:datafield tag="907" ind1=" " ind2=" "><marc:subfield code="a">b9009306</marc:subfield></marc:datafield><marc:datafield tag="999" ind1="0" ind2="0"><marc:subfield code="a">2018-01-05 00:00:00-05</marc:subfield><marc:subfield code="c">2018-01-05 09:36:50-05</marc:subfield><marc:subfield code="u">2018-01-15 13:38:27-05</marc:subfield></marc:datafield></marc:record>
</marc:collection>
